2774 3952
398 448 465 495 92
926 451 1282 488 CHRONICON
1312 449 1861 489 PETROBURGENSE;

400 585 609 637 cionem
645 580 912 634 dictorum
951 578 1294 631 dominorum
1331 595 1576 630 meorum
1616 577 1988 647 spectantibus
2014 595 2046 628 a
2071 576 2198 629 sede
2242 590 2402 647 apos-'-

400 671 560 723 tolica
595 666 866 739 provideri
901 664 1272 729 mandabatur,
1297 663 1619 716 beneficium
1663 663 1876 715 racione
1918 663 2234 732 hujusmodi
2277 681 2403 733 pro—

401 755 626 808 visionis
688 752 863 804 adhuc
928 757 1250 819 expectent,
1291 766 1391 802 vos
1443 749 1511 800 ad
1559 748 1928 817 provisionem
1980 746 2111 799 dicti
2143 747 2404 800 Willelmi

406 841 692 909 Campyun
727 836 1018 907 procedere
1051 853 1162 887 non
1201 834 1476 904 potuistiS,
1503 852 1604 886 nec
1639 834 1705 885 de
1743 834 1866 903 jure
1905 833 2188 886 debuistis,
2264 834 2406 885 Item

403 943 527 978 cum
563 923 727 976 tacita
766 920 1081 991 hujusmodi
1105 919 1331 972 veritate
1376 919 1517 971 dicte
1563 917 1738 970 littere
1782 918 1953 988 ipsius
1979 917 2242 971 Willelmi
2279 935 2404 987 pro-

402 1011 599 1063 visorie
643 1009 753 1060 sint
775 1008 1091 1076 impetrate3
1135 1006 1313 1059 littere
1352 1006 1470 1075 ipse
1510 1023 1623 1057 non
1661 1005 1861 1070 valent,
1888 1023 2012 1058 cum
2037 1004 2156 1074 ipsa
2180 1004 2406 1057 veritate

405 1113 696 1165 expressa3
737 1112 850 1145 non
874 1092 1108 1144 fuissent
1131 1092 1417 1161 impetrate
1457 1092 1514 1143 in
1555 1092 1656 1144 hac
1692 1092 1883 1143 forma.
1943 1092 2086 1144 Item
2113 1091 2259 1163 quod
2284 1107 2408 1143 cum

407 1182 583 1233 dictus
632 1179 941 1231 Willelmus
994 1178 1265 1247 Campiun
1303 1177 1548 1230 nondum
1605 1177 1768 1229 fuerit
1815 1176 1872 1228 in
1922 1177 2084 1229 sacris
2129 1175 2410 1229 ordinibus

408 1264 755 1327 constitutUS‚
781 1281 880 1315 vos
918 1270 1173 1332 pretextu
1210 1263 1575 1332 predictarum
1613 1263 1912 1316 litterarum
1949 1263 2007 1315 in
2045 1263 2150 1315 hoc
2186 1261 2411 1332 negocio

408 1350 758 1406 contencioso
809 1349 865 1401 in
915 1349 1275 1419 prejudicium
1332 1349 1599 1401 dictorum
1656 1349 2001 1402 dominorum
2062 1366 2306 1402 meorum
2358 1353 2414 1400 et

405 1437 614 1489 Thome
653 1434 882 1505 Deyvile
928 1435 1012 1486 sui
1049 1435 1346 1504 presentati
1382 1436 1440 1487 in
1485 1436 1790 1489 sacerdocio
1831 1435 2115 1488 constituti
2133 1456 2148 1501 ;
2194 1435 2262 1487 ad
2286 1452 2412 1504 pro-

405 1523 674 1574 visionem
699 1521 873 1590 ipsius
899 1522 1188 1590 procedere
1215 1530 1271 1573 et
1311 1522 1550 1591 regimen
1591 1522 1891 1574 animarum
1933 1521 2036 1573 sibi
2076 1520 2413 1574 committere

407 1625 519 1659 non
556 1606 835 1676 potuistiS,
879 1624 980 1658 nec
1030 1607 1097 1658 de
1142 1606 1263 1675 jure
1308 1606 1588 1671 debuistiS‚
1634 1624 1757 1659 cum
1819 1606 2014 1659 habilis
2053 1607 2120 1658 ad
2158 1607 2264 1658 hoc
2300 1623 2411 1656 non

407 1692 680 1744 videretur
717 1690 947 1753 existere
985 1691 1142 1760 juxta
1167 1691 1451 1744 canonicas
1493 1692 1818 1744 sanctiones,
1912 1692 2054 1744 Item
2095 1689 2240 1760 quod
2283 1707 2410 1741 cum

409 1777 475 1828 de
499 1777 610 1830 vita
635 1784 690 1828 et
714 1777 1128 1829 conversacione
1168 1777 1296 1829 dicti
1336 1777 1596 1830 Willelmi
1633 1778 1879 1829 nondum
1905 1777 1976 1829 sit
2000 1777 2056 1828 in
2082 1777 2255 1828 forma
2274 1775 2412 1844 juris

405 1862 678 1931 inquisita,
719 1862 843 1932 quia
880 1862 1037 1914 dictis
1066 1863 1299 1915 dominis
1327 1863 1439 1916 suis
1482 1864 1550 1916 ad
1589 1864 1694 1916 hoc
1733 1882 1845 1916 non
1884 1863 2110 1928 vocatis,
2149 1863 2278 1915 licet
2317 1880 2413 1913 sua

406 1948 638 1999 multum
663 1947 921 1999 intererat
961 1947 1020 1999 in
1063 1948 1163 2000 hac
1201 1955 1371 2017 parte,
1397 1948 1465 1999 ad
1507 1948 1873 2017 provisionem
1899 1948 2198 2018 predictam
2225 1965 2414 2017 proce-

407 2034 531 2085 dere
556 2051 668 2085 non
696 2033 968 2102 potuistiS,
988 2051 1088 2085 nec
1115 2034 1180 2085 de
1200 2034 1322 2103 jure
1358 2033 1639 2086 debuistis·
1701 2035 1778 2086 Et
1802 2041 2195 2103 protestantem
2217 2034 2282 2085 de
2299 2033 2414 2084 aliis

407 2117 831 2171 deffensionibus
859 2118 1127 2171 dictorum
1154 2119 1501 2173 dominorum
1528 2137 1749 2172 suorum
1776 2127 1888 2171 tam
1915 2128 2102 2173 contra
2127 2137 2415 2188 personam

408 2205 539 2257 dicti
562 2203 822 2257 Willelmi
848 2215 1009 2274 quam
1036 2204 1198 2256 etiam
1243 2211 1430 2256 contra
1470 2221 1730 2274 personas
1757 2205 1980 2257 testium
2007 2206 2052 2274 ej
2062 2206 2250 2258 usdem
2277 2205 2416 2256 Wil'-

407 2288 571 2353 lelmi,
598 2288 689 2357 qui
724 2288 782 2339 in
806 2288 1163 2357 inquisicione
1191 2307 1293 2358 que
1321 2288 1519 2341 dicitur
1543 2289 1684 2341 facta
1716 2307 1878 2359 super
1913 2289 2026 2342 vita
2050 2297 2106 2342 et
2132 2308 2416 2342 conversa—

411 2375 564 2426 cione
607 2374 780 2443 ipsius
822 2373 1050 2426 adhibiti
1093 2375 1330 2439 fuerunt,
1356 2393 1455 2444 pro
1496 2374 1616 2427 loco
1652 2383 1707 2427 et
1745 2383 1990 2445 tempore
2029 2376 2416 2445 proponendiS,

413 2476 574 2528 super
598 2459 875 2527 premissis
901 2459 1083 2511 audire
1121 2467 1176 2511 et
1194 2459 1468 2528 justiciam
1507 2459 1610 2512 sibi
1649 2461 1868 2513 nomine
1912 2462 2206 2514 eorundem
2246 2462 2419 2514 domi-

413 2561 607 2595 norum
633 2561 854 2595 suorum
896 2544 1069 2595 facere
1105 2544 1409 2612 denegastis
1451 2563 1547 2598 seu
1587 2546 1876 2598 recusastis
1902 2547 2083 2599 minus
2104 2548 2269 2616 juste,
2297 2550 2416 2618 Ego

415 2635 730 2697 procurator
768 2646 955 2680 eorum
999 2629 1305 2680 antedictus
1350 2630 1417 2680 ad
1461 2631 1843 2698 appellandum
1870 2631 1937 2683 ab
1978 2632 2182 2684 eisdem
2224 2633 2278 2683 in
2317 2633 2418 2684 hac

417 2720 569 2782 parte
593 2713 854 2782 legittime
881 2714 1229 2778 constitutuS,
1255 2722 1477 2783 propter
1501 2715 1810 2784 gravamina
1836 2717 2142 2784 supradicta
2167 2724 2222 2769 et
2247 2718 2418 2786 quod-

418 2798 552 2850 libet
576 2816 762 2850 eorum
805 2799 989 2851 sedem
1029 2799 1379 2868 apostolicam
1415 2808 1470 2852 et
1514 2800 1696 2852 sedem
1725 2801 2014 2853 Cantuarie
2057 2819 2156 2870 pro
2183 2802 2419 2855 tuicione

421 2903 455 2936 a
479 2884 652 2948 vobiS,
698 2884 918 2936 domino
959 2885 1240 2936 Lincolnie
1290 2884 1563 2955 episcopO,
1603 2885 1880 2955 provisore
1919 2894 2235 2951 memorato,
2284 2887 2420 2940 fines

424 2970 663 3021 mandati
705 2970 986 3039 apostolici
1024 2970 1180 3023 vobis
1225 2970 1411 3022 directi
1454 2971 1820 3040 multipliciter
1862 2971 2171 3037 excedente,
2216 2972 2273 3024 in
2312 2973 2418 3025 hiis

422 3055 636 3124 scriptis
662 3055 874 3124 appello
915 3063 971 3107 et
1008 3055 1282 3124 apostolos
1309 3064 1437 3125 peto
1465 3075 1588 3108 cum
1613 3056 1892 3122 instancia,
1931 3056 2200 3109 subiciens
2239 3077 2325 3110 me
2365 3068 2421 3112 et

420 3140 692 3209 predictos
719 3140 965 3192 dominos
992 3159 1159 3207 meOS,
1186 3141 1571 3195 monasterium
1589 3160 1746 3194 suum
1767 3149 1821 3195 et
1841 3142 2020 3194 omnia
2038 3143 2160 3212 jura
2180 3144 2244 3195 ad
2273 3145 2422 3214 ipsos

424 3233 481 3278 et
517 3226 906 3278 monasterium
950 3245 1110 3279 suum
1153 3229 1465 3297 spectantia,
1491 3228 1717 3281 tuicioni
1755 3237 1810 3281 et
1851 3230 2174 3298 protectioni
2213 3232 2422 3284 sedium

423 3311 802 3381 predictarum.
877 3313 954 3365 Et
977 3332 1046 3366 ne
1072 3332 1186 3379 VOS,
1214 3314 1430 3367 domine
1457 3315 1725 3384 episcope,
1752 3314 1950 3384 aliquid
1976 3315 2033 3367 in
2065 3317 2421 3386 prejudicium

427 3414 628 3463 meum,
660 3397 1025 3467 predictorum
1052 3398 1393 3451 dominorum
1419 3417 1659 3452 meorum
1688 3417 1784 3451 seu
1810 3401 2119 3453 monasterii
2144 3401 2228 3453 sui
2254 3402 2424 3470 quod·
2499 3471 2504 3472 ⁷
