2774 3952
952 426 1305 462 cuRonON
1350 429 1888 465 PETROBURGENSE.
2348 419 2413 474 27

421 551 710 603 Ricardum
753 551 819 604 de
864 552 1167 605 Foberham
1196 562 1251 606 et
1285 554 1566 607 dominum
1602 555 1870 607 Thomam
1905 554 1972 606 de
1998 553 2242 605 Arderne
2286 563 2418 607 tunc

417 636 784 689 vicecomitem
797 638 1211 702 Norhamtonie,
1233 658 1328 709 per
1341 641 1439 692 has
1456 641 1637 692 literas
1649 643 1774 686 :—“
1786 639 2103 702 EdwardUS,
2115 639 2220 691 Dei
2233 641 2421 709 gratia,

419 724 513 775 &c.
591 723 861 776 Omnibus
888 725 1097 777 ballivis
1124 734 1179 777 et
1220 725 1470 777 fidelibus
1499 726 1609 777 suis
1637 726 1702 777 de
1738 726 1998 778 comitatu
2025 726 2420 778 Norhamtonie

416 808 482 859 ad
534 826 669 876 quos
709 817 987 877 presentes
1030 809 1206 861 littere
1250 810 1609 878 pervenerint,
1651 810 1896 862 salutem.
1974 809 2116 863 Quia
2157 811 2314 862 certis
2355 811 2421 862 de

417 892 593 944 causis
620 894 871 946 volumus
911 894 1056 964 quod
1099 912 1288 946 omnes
1334 893 1585 945 aurifabri
1629 913 1689 946 ac
1729 895 1982 946 custodes
2026 913 2318 946 cuneorum
2367 905 2422 948 et

415 975 630 1028 illorum
655 977 954 1030 officiorum
980 977 1210 1029 ministri
1237 978 1293 1029 in
1319 978 1445 1030 villa
1472 978 1867 1030 Norhamtonie
1895 987 1950 1031 et
1974 979 2030 1030 in
2076 979 2192 1030 aliis
2237 978 2419 1050 burgis

418 1069 472 1112 et
516 1063 656 1114 villis
701 1063 1030 1115 mercatoriis
1072 1082 1169 1133 per
1212 1071 1388 1116 totum
1431 1065 1750 1116 comitatum
1795 1065 2099 1133 predictum
2134 1074 2245 1117 tam
2285 1066 2422 1117 infra

416 1145 689 1199 libertates
731 1166 890 1216 quam
918 1156 1069 1200 extra
1097 1149 1376 1218 capiantur
1401 1168 1509 1201 una
1539 1169 1662 1201 cum
1702 1167 1889 1202 eorum
1922 1149 2081 1201 bonis
2123 1158 2178 1201 et
2218 1151 2421 1202 catallis

417 1240 527 1282 tam
554 1233 610 1284 in
640 1232 890 1285 domibus
917 1242 972 1286 et
998 1235 1248 1287 maneriis
1289 1235 1400 1287 suis
1428 1255 1589 1306 quam
1614 1236 1671 1287 in
1700 1236 1956 1305 schoppis
1984 1244 2039 1288 et
2063 1237 2119 1287 in
2146 1237 2262 1289 aliis
2288 1238 2421 1289 locis

415 1317 843 1389 quibuscumque
886 1320 999 1372 sive
1044 1340 1206 1391 super
1248 1329 1443 1373 terram
1495 1321 1607 1373 sive
1653 1321 1847 1373 subtus
1892 1330 2108 1387 terram,
2153 1330 2208 1374 et
2275 1323 2421 1391 quod

415 1403 563 1455 salvo
591 1404 965 1456 custodiantur
1010 1405 1181 1458 donec
1221 1406 1367 1458 aliud
1407 1407 1532 1458 inde
1573 1407 1674 1475 tibi
1717 1408 2134 1476 preceperimuS.
2210 1408 2328 1460 Nos
2356 1409 2422 1460 de

414 1487 689 1553 fidelitate,
733 1490 1238 1560 circumspeccione,
1278 1498 1332 1543 et
1388 1491 1670 1560 diligencia
1713 1491 1895 1544 dilecti
1938 1499 1994 1544 et
2036 1493 2210 1545 fidelis
2251 1495 2424 1545 nostri

415 1573 630 1625 Ricardi
679 1574 746 1626 de
797 1574 1100 1627 Foberham
1151 1584 1206 1628 et
1248 1577 1459 1628 Thome
1510 1577 1842 1629 vicecomitis
1894 1578 2122 1646 predicti
2171 1578 2423 1631 fiduciam

411 1667 657 1728 gerentes
693 1660 998 1729 specialem,
1038 1662 1429 1731 assignavimus
1471 1663 1691 1715 eosdem
1736 1671 1791 1715 et
1833 1663 1983 1732 ipsos
2011 1683 2145 1733 quos
2172 1665 2277 1734 ipsi
2302 1666 2421 1717 loco

413 1745 498 1796 sui
523 1746 891 1815 assignabunt,
917 1748 984 1799 ad
1011 1748 1184 1800 dictos
1216 1748 1528 1813 aurifabrOS,
1550 1750 1805 1801 custodes
1833 1768 2127 1802 cuneorum
2155 1760 2210 1803 et
2234 1770 2421 1804 eorum

412 1830 705 1896 ministrOS,
731 1850 792 1883 ac
818 1850 1005 1884 eorum
1030 1832 1173 1884 bona
1210 1841 1265 1885 et
1291 1833 1478 1885 catalla
1516 1834 1573 1884 in
1606 1835 1778 1886 forma
1811 1836 2054 1905 predicta
2091 1838 2422 1901 arestandOS,

413 1916 702 1985 capiendos
729 1925 783 1969 et
820 1917 968 1969 salvo
995 1919 1398 1982 custodiendOS,
1425 1927 1479 1970 et
1505 1919 1572 1970 ad
1599 1929 1861 1972 secretum
1907 1930 1962 1973 et
2001 1922 2349 1974 manifestum
2377 1923 2423 1974 si

414 2020 633 2054 necesse
676 2002 839 2054 fuerit
883 2004 1199 2055 scrutinium
1246 2005 1520 2056 faciendos
1547 2005 1599 2056 in
1639 2006 1892 2058 omnibus
1929 2007 2062 2059 locis
2106 2008 2424 2076 pertinenti-

414 2087 516 2138 bus
541 2088 783 2157 predicto
814 2089 1152 2157 (comitatui),
1182 2090 1275 2141 ubi
1301 2090 1476 2159 aliqua
1503 2091 1738 2160 suspicio
1777 2092 2112 2145 invencionis
2140 2101 2420 2146 retonsure

414 2180 630 2223 monete
659 2172 1039 2224 nostrehaberi
1065 2174 1258 2242 possit,
1279 2183 1334 2225 et
1360 2175 1427 2226 ad
1453 2175 1577 2227 inde
1601 2186 1884 2245 suspectos
1907 2196 2003 2229 seu
2024 2179 2312 2231 indictatos
2333 2180 2420 2232 vel

414 2257 773 2322 indictandOS,
813 2277 921 2310 una
961 2277 1085 2311 cum
1123 2259 1282 2311 bonis
1326 2268 1382 2312 et
1422 2261 1626 2313 catallis
1670 2262 1780 2314 suis
1808 2263 2237 2334 quibuscumque
2278 2284 2420 2317 ares-

415 2343 627 2407 tandOS,
654 2351 709 2396 et
750 2345 817 2395 ad
857 2362 919 2396 ea
957 2363 1128 2414 usque
1172 2345 1363 2397 turrim
1404 2354 1645 2397 nostram
1688 2347 2097 2400 Londoniarum
2140 2369 2237 2419 per
2278 2351 2420 2404 vice-

417 2427 669 2480 comitem
729 2428 1015 2480 comitatus
1061 2429 1288 2498 predicti
1329 2430 1514 2482 cariari
1565 2440 1620 2483 et
1662 2432 1862 2484 ibidem
1910 2435 2171 2486 custodiri
2213 2436 2417 2489 faciatis

419 2511 590 2564 donec
633 2512 779 2564 aliud
818 2513 944 2565 inde
989 2514 1300 2567 duxerimus
1351 2516 1731 2570 ordinandum.
1803 2518 2215 2588 Assignavimus
2256 2522 2417 2575 etiam

417 2597 636 2648 eosdem
663 2597 731 2648 ad
757 2615 946 2649 omnes
973 2597 1102 2650 alias
1137 2598 1571 2653 circumstancias
1599 2602 1803 2654 dictum
1830 2605 2106 2674 negotium
2137 2613 2418 2676 tangentes

416 2683 797 2734 examinandas
849 2685 1147 2736 secundum
1198 2686 1343 2755 quod
1393 2686 1470 2739 eis
1532 2687 1886 2757 injunximus,
1981 2692 2055 2743 Et
2096 2692 2218 2744 ideo
2262 2693 2418 2745 vobis

415 2769 754 2834 mandamuS,
781 2770 926 2839 quod
965 2772 1185 2840 prefatis
1220 2772 1450 2825 Ricardo
1478 2782 1532 2825 et
1556 2775 1879 2841 vicecomiti,
1906 2778 1993 2829 vel
2018 2779 2120 2830 hiis
2148 2798 2284 2848 quos
2311 2781 2418 2849 ipsi

49 2874 393 2930 (fol.loeoexii.v0.)
416 2855 483 2906 ad
507 2856 610 2908 hoc
635 2856 1025 2925 assiglnabunt,
1052 2865 1164 2910 tam
1188 2857 1326 2910 infra
1363 2859 1637 2913 libertates
1670 2880 1831 2931 quam
1875 2871 2043 2929 extra,
2070 2864 2416 2919 intendentes

415 2941 532 2994 sitis
561 2949 616 2994 et
639 2943 1050 3011 respondenteS,
1071 2945 1415 2996 consulentes
1437 2954 1490 2997 et
1511 2947 1827 3000 auxiliantes
1849 2958 1903 3001 et
1921 2951 2236 3004 assistentes
2258 2963 2419 3021 prout

413 3027 517 3096 ipsi
535 3027 691 3080 vobis
717 3028 1019 3098 injungent,
1047 3029 1243 3091 dicent,
1275 3049 1369 3082 seu
1398 3031 1530 3084 scire
1557 3033 1756 3087 facient
1782 3053 1847 3087 ex
1873 3044 2026 3104 parte
2052 3046 2254 3089 nostra.
2333 3039 2418 3090 Ita

415 3115 559 3182 quod
586 3115 718 3166 nulli
746 3123 985 3167 vestrum
1015 3115 1114 3167 sub
1155 3117 1393 3185 periculo
1419 3118 1529 3170 vite
1571 3127 1624 3171 et
1666 3121 2032 3174 membrorum
2078 3132 2133 3175 et
2174 3124 2417 3176 omnium

415 3216 518 3266 que
541 3200 752 3253 habetis
778 3202 834 3252 in
861 3220 1025 3271 regno
1051 3210 1240 3255 nostro
1283 3202 1539 3272 imputari
1578 3206 1753 3274 possit
1778 3208 1864 3259 vel
1890 3209 2100 3273 debeat,
2128 3210 2415 3278 quominus

413 3283 674 3351 premissa
716 3286 1027 3339 execucioni
1068 3287 1462 3339 demandentur
1504 3289 1644 3342 sicut
1682 3292 1985 3360 predictum
2031 3301 2128 3344 est.
2257 3293 2417 3344 Man-

416 3367 604 3418 damus
631 3367 791 3420 etiam
823 3387 918 3438 per
958 3379 1235 3439 presentes
1263 3371 1565 3425 vicecomiti
1609 3375 1896 3428 comitatus
1939 3376 2163 3444 predicti
2207 3384 2262 3450 et
2304 3376 2412 3430 bal-
