2774 3952
960 441 1316 478 cHRoNrcoN
1347 441 1890 478 PETROBURGENSE.
2329 432 2427 477 145
2471 479 2476 484 ,

427 571 737 617 tenemento
780 567 923 636 quod
969 568 1034 620 (16
1068 569 1187 638 ipso
1227 575 1378 622 tenet
1419 568 1475 620 in
1523 567 1901 632 Chirchefeud,
1937 565 2171 631 Undele,
2210 566 2425 631 StokeS,

431 649 826 718 Wermigtona.

504 735 925 788 Memorandum
952 737 1097 806 quod
1123 737 1441 806 Radulphus
1482 737 1741 789 Porthors
1777 736 1906 788 fecit
1930 736 2240 805 homagium
2269 754 2426 788 suum

430 828 487 873 et
510 821 826 874 fidelitatem
865 823 1086 876 domino
1129 822 1362 875 Ricardo
1406 822 1590 874 abbati
1630 839 1772 874 anno
1818 822 2127 891 supradicto
2169 822 2235 874 de
2279 829 2431 874 tene-

430 915 615 959 mento
642 925 741 959 suo
766 925 890 960 cum
908 908 1253 977 pertinenciis
1277 908 1335 959 in
1360 908 1487 960 villa
1513 908 1580 960 de
1608 906 1906 959 Pokebroc.
2397 950 2403 955 .

503 991 923 1043 Memorandum
982 992 1127 1061 quod
1181 992 1479 1044 Nicholaus
1525 993 1592 1045 de
1650 991 2054 1044 Hibaldestowe
2106 992 2427 1061 Capellanus

429 1072 560 1125 fecit
583 1074 895 1144 homagium
939 1084 995 1129 et
1027 1077 1342 1130 fidelitatem
1383 1078 1604 1130 domino
1646 1077 1877 1130 Ricardo
1904 1077 1971 1128 de
2009 1076 2310 1128 Londoniis
2337 1077 2429 1128 ab·

430 1158 544 1211 bati
570 1159 738 1229 Burgi
763 1160 849 1214 die
877 1161 1063 1214 Sancti
1088 1161 1126 1214 J
1128 1161 1357 1213 ohannis
1384 1161 1731 1230 Evangeliste
1757 1162 1901 1231 apud
1929 1160 2303 1213 Fiskertonam
2329 1179 2428 1230 pro

430 1251 742 1298 tenemento
770 1246 917 1316 quod
943 1246 1010 1298 de
1034 1245 1155 1314 ipso
1186 1252 1337 1297 tenet
1360 1245 1417 1297 in
1447 1245 1851 1298 Hibaldestowe
1875 1245 1929 1296 in
1957 1243 2234 1313 presencia
2259 1244 2431 1296 domi-

430 1347 625 1382 norum
665 1330 906 1400 magistri
931 1329 1156 1383 Roberti
1181 1330 1248 1382 de
1274 1329 1523 1381 Sceffeud
1550 1329 1825 1382 senescalli
1851 1328 2036 1397 Burgi,
2061 1336 2116 1381 et
2161 1329 2199 1381 J
2201 1329 2430 1381 ohannis

433 1414 499 1467 de
524 1415 752 1486 Afforby
775 1423 982 1468 rectore
1007 1414 1228 1468 ecclesie
1255 1415 1322 1467 de
1341 1414 1549 1478 Castra,
1577 1413 1850 1482 Radulphi
1878 1413 2079 1478 Garun,
2105 1421 2160 1466 et
2186 1414 2430 1478 aliorum,

431 1517 574 1552 anno
600 1500 806 1553 domini
833 1501 1044 1554 M⁰.c⁰C.
1084 1499 1414 1569 octogesimo
1452 1517 1617 1551 nono.
1691 1499 1768 1550 Et
1807 1517 1950 1550 anno
1985 1499 2191 1551 domini
2219 1499 2431 1551 Ricardi

431 1584 498 1636 de
531 1584 834 1637 Londoniis
872 1584 1081 1638 abbatis
1121 1584 1289 1653 Burgi
1328 1583 1562 1653 septimo
1601 1583 1829 1635 decim0.
1903 1584 2066 1635 Anno
2092 1584 2242 1652 regni
2270 1585 2431 1652 Regis

432 1666 684 1721 Edwardi
709 1669 918 1722 decimo
944 1676 1154 1722 octavo·
1233 1668 1310 1720 Et
1326 1667 1606 1720 sciendum
1633 1667 1778 1736 quod
1797 1666 1900 1719 iste
1921 1667 1976 1718 N
1978 1667 2218 1719 icholaus
2241 1667 2434 1737 Capel-

428 1753 585 1804 lanus
611 1753 745 1806 emit
770 1754 976 1806 dictum
1003 1758 1376 1806 tenementum
1412 1752 1470 1804 in
1510 1751 1916 1805 Hibaldestowe
1956 1752 2022 1806 de
2063 1752 2339 1806 Willelmo
2366 1754 2432 1805 de

428 1836 557 1889 Alta
582 1838 724 1908 Ripa
745 1838 990 1910 predicto
1017 1837 1283 1908 superiuS.

65 1986 409 2040 (fol.cxxviii.v⁰.)
1291 1996 1533 2032 HOMAGI
1543 1997 1597 2031 A.

503 2096 922 2149 Memorandum
949 2096 1094 2164 quod
1119 2095 1390 2147 Robertus
1415 2093 1557 2145 filius
1585 2092 1821 2162 Philippi
1847 2093 1895 2145 16
1925 2095 2152 2146 Freman
2180 2095 2246 2147 de
2272 2096 2430 2149 Tine-

430 2180 598 2244 welle,
635 2180 720 2232 die
748 2187 1049 2232 sanctarum
1087 2178 1354 2248 virginum
1383 2176 1698 2245 Kineburge
1725 2186 1779 2229 et
1807 2177 2143 2231 Kineswithe
2169 2187 2225 2231 et
2258 2181 2430 2246 Tilbe,

405 2266 577 2336 ‘apud
603 2265 844 2332 Burgum
888 2263 1015 2315 fecit
1054 2262 1363 2330 homagium
1409 2269 1465 2313 et
1505 2261 1818 2313 fidelitatem
1860 2263 2080 2315 domino
2108 2265 2338 2316 Ricardo
2365 2266 2431 2317 de

435 2347 735 2402 Londoniis
761 2346 944 2399 abbati
987 2345 1155 2414 Burgi
1197 2349 1296 2415 pro
1321 2352 1636 2398 tenemento
1671 2347 1821 2414 quod
1866 2347 1932 2399 de
1973 2347 2194 2400 domino
2239 2348 2432 2402 abbate

61 2438 361 2489 Hmayiumde
434 2441 586 2487 tenet
608 2432 666 2484 in
690 2431 1013 2501 Tynewelle,
1040 2430 1259 2495 scilicet,
1285 2448 1383 2500 pro
1421 2429 1594 2482 tribus
1620 2429 1832 2482 bovatis
1858 2438 1998 2484 terre
2022 2440 2086 2484 ut
2108 2431 2225 2501 ipse
2250 2450 2434 2504 recog-

66 2493 269 2543 Tynwezle.
435 2517 606 2582 novit,
631 2517 906 2570 reddendo
930 2534 1027 2585 per
1051 2534 1254 2567 annum
1298 2533 1396 2584 pro
1440 2516 1631 2568 eodem
1657 2522 1967 2568 tenemento
1995 2517 2269 2570 dimidiam
2295 2537 2434 2570 mar-

435 2621 571 2667 cam,
607 2602 660 2654 in
706 2601 983 2671 presencia
1026 2601 1266 2671 magistri
1311 2599 1535 2652 Roberti
1579 2601 1646 2653 de
1692 2599 1942 2652 Sceffeud
1985 2608 2116 2653 tunc
2160 2604 2437 2656 senescalli

435 2686 621 2756 Burgi,
648 2685 872 2738 Henrici
898 2685 1073 2738 clerici
1098 2692 1154 2737 et
1177 2685 1422 2748 aliorum,
1449 2702 1592 2736 anno
1619 2683 1825 2736 domini
1853 2684 2068 2738 M⁰.cc⁰.
2107 2686 2435 2756 octogesimo

434 2787 599 2834 non0,
627 2777 682 2822 et
706 2787 849 2821 anno
874 2769 1025 2839 regni
1052 2768 1214 2838 Regis
1242 2768 1497 2821 Edwardi
1523 2768 1732 2820 decimo
1753 2774 1964 2820 octavo·

64 2862 185 2900 Nota.
508 2853 927 2906 Memorandum
983 2853 1128 2923 quod
1177 2870 1319 2904 anno
1379 2852 1605 2905 Domini
1649 2852 1862 2905 M⁰.oo⁰.
1913 2855 2282 2923 nonogesimo,
2344 2856 2433 2909 vii.

435 2939 691 2992 kalendas
724 2938 944 3008 Aprilis,
981 2939 1184 2991 scilicet
1223 2938 1309 2990 die
1335 2938 1492 2990 Lune
1529 2937 1776 3006 proximo
1814 2946 1940 3006 post
1966 2939 2289 2993 dominicam
2318 2941 2437 2993 Pal-

438 3041 665 3087 marum,
691 3031 747 3076 et
770 3040 912 3075 anno
950 3024 1100 3093 regni
1126 3023 1289 3092 Regis
1316 3023 1569 3074 Edwardi
1596 3022 1804 3075 decimo
1832 3031 2040 3088 octav0,
2069 3025 2343 3079 Galfridus
2370 3027 2436 3079 de

63 3105 366 3197 ᾗοῖαθῑαηᾶθ
439 3106 492 3158 la
517 3107 690 3171 Mare,
715 3107 857 3160 filius
901 3117 957 3160 et
998 3109 1153 3160 heres
1195 3107 1468 3176 quondam
1514 3107 1720 3159 domini
1762 3109 1908 3161 Petri
1946 3110 2088 3162 dela
2114 3111 2286 3175 Mare,
2311 3112 2438 3163 fecit

114 3172 139 3197 a
169 3172 258 3210 esey.
441 3192 752 3260 homagium
790 3201 846 3245 et
886 3193 1202 3246 fidelitatem
1248 3193 1469 3245 domino
1512 3193 1742 3246 Ricardo
1789 3195 1854 3246 (16
1899 3195 2200 3248 Londoniis
2238 3195 2436 3259 abbati,

442 3276 587 3345 apud
615 3277 875 3345 Burgum,
900 3296 999 3346 pro
1024 3286 1336 3331 tenemento
1363 3280 1509 3347 quod
1535 3279 1601 3331 de
1627 3279 1747 3347 ipso
1774 3280 1969 3332 abbate
1996 3280 2162 3347 Burgi
2188 3286 2354 3343 tenet,
2379 3280 2437 3331 in

442 3360 719 3429 presencia
753 3361 1093 3415 dominorum
1121 3364 1238 3416 Elie
1266 3364 1331 3416 de
1358 3363 1696 3433 Bekingham
1724 3365 1929 3416 domini
1957 3364 2117 3433 Regis
2155 3372 2285 3416 tunc
2323 3365 2439 3432 jus-

516 3462 707 3497 cAMD.
739 3462 862 3498 soc.
2112 3467 2150 3500 U
