2774 3952
455 444 526 491 94
990 453 1344 490 cunomcoiv
1375 454 1916 492 PETROBURGENSE.

452 581 617 634 ficum
659 580 725 631 de
759 578 1033 631 beneficiis
1077 579 1448 631 ecclesiasticis
1489 580 1557 631 ad
1599 579 1843 648 ipsorum
1881 579 2250 649 religiosorum
2295 579 2456 633 colla-

454 667 665 719 cionem
716 683 811 718 seu
859 665 1320 734 presentacionem
1372 665 1742 734 spectantibus
1793 672 2024 734 quatuor
2083 666 2171 718 vel
2219 667 2455 736 quinque

455 752 658 804 clericis
703 751 772 803 sit
814 751 1108 820 provisum,
1139 751 1231 820 qui
1276 769 1341 803 ex
1367 751 1676 820 provisione
1716 750 2032 820 hujusmodi
2070 751 2256 803 eadem
2293 751 2456 803 bene-

453 838 574 890 ficia
612 837 786 889 adhuc
813 824 1078 906 optinent,
1120 855 1332 891 necnon
1373 845 1483 889 tres
1522 837 1609 889 vel
1654 844 1885 906 quatuor
1929 835 2122 900 clerici,
2150 835 2344 904 quibus
2389 837 2455 888 de

453 922 726 975 beneficiis
754 923 1126 976 ecclesiasticis
1153 922 1550 992 pertinentibus
1597 923 1663 974 ad
1707 922 2171 993 presentacionem
2216 939 2312 973 seu
2351 922 2458 973 col-

450 1008 713 1060 lacionem
757 1009 1129 1078 religiosorum
1171 1009 1414 1077 ipsorum
1458 1016 1582 1060 ante
1623 1008 2066 1077 impetracionem
2103 1006 2295 1076 prefati
2319 1006 2457 1059 Wil-

449 1093 596 1144 lelmi
645 1094 1003 1146 mandabatur
1043 1113 1073 1145 a
1115 1095 1240 1147 sede
1281 1094 1576 1163 apostolica
1614 1094 1902 1164 provideri,
1945 1093 2206 1146 beneficia
2252 1093 2459 1145 ratione

448 1176 821 1246 provisionum
871 1179 1190 1247 hujusmodi
1241 1179 1416 1230 adhuc
1485 1186 1774 1247 expectent
1843 1178 1983 1230 sicut
2032 1167 2205 1230 erant*
2231 1177 2457 1246 probare

447 1263 635 1332 parati,
697 1264 1044 1333 prefatusque
1095 1265 1403 1317 Willelmus
1457 1264 1728 1333 Campiun
1777 1272 1999 1334 propter
2049 1265 2318 1316 defectum
2369 1282 2455 1316 or-

449 1347 588 1399 dinis
615 1356 669 1399 et
707 1348 822 1399 aliis
863 1349 929 1400 de
973 1348 1147 1400 causis
1192 1367 1304 1401 non
1351 1357 1496 1401 esset
1538 1349 1766 1400 idoneus
1812 1349 1881 1399 ad
1923 1348 2247 1400 beneficium
2286 1348 2454 1401 eccle-

448 1434 722 1486 siasticum
761 1434 1135 1503 optinendum,
1185 1453 1285 1487 nec
1338 1435 1403 1486 de
1451 1435 1563 1487 vita
1618 1442 1673 1487 et
1736 1435 2150 1488 conversacione
2207 1435 2451 1504 ejusdem

449 1519 710 1572 Willelmi
756 1523 1053 1572 secundum
1091 1522 1320 1572 formam
1359 1521 1599 1572 mandati
1642 1521 1925 1590 apostolici
1968 1521 2162 1573 fuisset
2199 1521 2458 1590 legittime

448 1605 785 1674 inquisitum,
833 1624 931 1658 vos
975 1606 1292 1658 auctoritate
1338 1606 1599 1659 dictarum
1643 1607 1941 1658 litterarum
1980 1607 2183 1658 nullam
2223 1607 2459 1658 mencio-

450 1709 577 1743 nem
618 1691 938 1743 faciencium
989 1692 1055 1743 de
1104 1692 1401 1761 premissiS,
1454 1711 1557 1761 que
1599 1692 1643 1743 si
1685 1692 1917 1744 fuissent
1960 1710 2228 1761 expressa,
2270 1693 2457 1744 eedem

449 1777 625 1829 littere
668 1795 775 1828 non
822 1777 1053 1829 fuissent
1097 1785 1352 1846 optente3
1404 1777 1579 1830 eidem
1613 1777 1890 1829 Willelmo
1933 1777 1999 1829 de
2049 1778 2254 1846 prefata
2293 1779 2460 1830 eccle-

452 1863 529 1914 sia
578 1862 859 1931 providere
893 1863 1115 1916 minime
1170 1863 1446 1932 potuistis,
1520 1863 1597 1915 Et
1646 1863 1770 1933 quia
1807 1881 1905 1915 vos
1960 1862 2132 1915 dictos
2180 1864 2458 1933 religiosos

452 1965 615 2017 super
656 1947 760 1998 hiis
801 1948 984 2000 audire
1025 1956 1081 2001 et
1119 1949 1324 2001 eisdem
1369 1949 1437 2000 ad
1482 1948 1843 2001 exhibendam
1886 1967 2039 2001 suam
2063 1949 2459 2019 indulgenciam

449 2032 768 2103 prelibatam
795 2041 1195 2103 competentem
1224 2034 1546 2087 dilacionem
1572 2035 1883 2098 concedere,
1909 2034 2037 2086 licet
2062 2035 2165 2087 hoc
2189 2035 2245 2087 in
2289 2037 2462 2089 forma

445 2118 582 2188 juris
625 2119 899 2172 humiliter
941 2120 1280 2189 petivissent,
1326 2128 1513 2172 contra
1550 2120 1827 2189 justiciam
1873 2120 2198 2189 denegastiS,
2225 2120 2354 2172 dicti
2379 2139 2462 2174 re-

451 2205 626 2274 ligiosi
647 2206 948 2258 sencientes
976 2224 1033 2258 se
1053 2224 1118 2258 ex
1135 2206 1240 2257 hiis
1268 2213 1323 2258 et
1348 2224 1534 2258 eorum
1562 2205 1805 2274 quolibet
1830 2224 1926 2275 per
1953 2225 2050 2258 vos
2076 2206 2315 2258 indebite
2340 2224 2461 2276 pre-

90 2313 193 2364 (f0l·
213 2314 283 2352 cvi.
307 2316 390 2366 ff)
450 2292 655 2362 gravari
670 2313 685 2357 3
732 2292 915 2344 sedem
941 2292 1297 2361 apostolicam
1324 2300 1379 2345 et
1403 2310 1503 2361 pro
1530 2291 1767 2344 tuicione
1796 2293 1980 2345 sedem
2008 2292 2314 2358 Cantuarie,
2334 2295 2376 2356 ‘l'
2399 2300 2461 2344 ut

85 2390 147 2428 De
166 2391 319 2429 eodem.
452 2378 657 2441 asserit,
683 2377 943 2446 legittime
971 2378 1325 2447 appellarunt.
1391 2378 1499 2430 Sed
1524 2396 1623 2430 vos
1661 2377 1938 2447 premissis
1964 2397 2075 2429 non
2101 2377 2462 2443 obstantibus,

451 2464 659 2532 prefato
680 2462 961 2515 W'illelmo
987 2463 1257 2532 Campiun
1278 2464 1344 2516 de
1366 2464 1508 2515 dicta
1528 2464 1751 2516 ecclesia
1771 2464 1837 2515 de
1860 2462 2130 2533 Cloptona
2148 2464 2460 2534 providistis

452 2547 671 2616 injuste,
721 2548 950 2598 formam
990 2548 1120 2599 dicti
1157 2549 1400 2599 mandati
1437 2549 1721 2617 apostolici
1761 2567 1871 2601 non
1911 2557 2206 2614 servanteS,
2241 2556 2461 2618 propter

455 2634 600 2701 quod
627 2632 755 2685 dicti
780 2632 1014 2701 religiosi
1041 2633 1341 2685 sencientes
1373 2634 1478 2701 [se]
1507 2652 1604 2702 per
1627 2652 1726 2685 vos
1752 2634 1946 2686 iterato
1973 2634 2277 2703 pregravari
2304 2634 2458 2685 sedes

456 2718 725 2787 predictas
751 2725 814 2769 ut
847 2718 996 2787 prius
1023 2718 1379 2787 appellarunt.
1456 2718 1637 2771 Quare
1657 2718 1812 2769 vobis
1833 2719 2140 2770 inhibemus
2167 2726 2223 2770 et
2247 2736 2343 2786 per
2361 2737 2459 2771 vos

456 2803 882 2872 quibuscumque
902 2802 994 2870 jus
1015 2801 1260 2854 inhibere
1279 2801 1616 2871 requirit,ne,
1638 2802 1909 2870 pendente
1926 2802 1981 2852 in
2003 2802 2149 2853 curia
2170 2802 2461 2855 Cantuarie

455 2889 770 2957 hujusmodi
804 2887 1184 2956 appellacionis
1227 2887 1450 2939 tuitorio
1477 2887 1719 2956 negociO,
1747 2887 2032 2956 quicquam
2058 2887 2157 2938 hac
2184 2887 2462 2940 occasione

455 2973 513 3025 in
538 2973 891 3043 prejudicium
928 2974 1194 3025 dictorum
1220 2973 1590 3042 religiosorum
1629 2973 1961 3042 attemptetis
1988 2973 2075 3025 vel
2118 2980 2462 3042 attemptent,

455 3059 662 3112 faciatis
716 3058 803 3111 vel
845 3058 1043 3111 faciant
1092 3059 1427 3127 aliquatenus
1478 3066 1797 3127 attemptare
1842 3076 1948 3127 quo
2010 3058 2188 3110 minus
2237 3058 2461 3112 liberam

456 3144 890 3215 prosecutionem
933 3163 1026 3196 sue
1071 3144 1471 3213 appellacionis,
1521 3151 1683 3212 prout
1733 3144 1944 3212 justum
1995 3145 2175 3210 fuerit,
2227 3144 2462 3198 habeant

456 3231 757 3299 utriusque.
835 3229 1108 3282 Citantem
1147 3230 1307 3282 etiam
1347 3231 1551 3282 dictum
1579 3229 1910 3282 Willelmum
1943 3229 2213 3299 Campiun
2252 3239 2462 3300 partem

459 3316 781 3386 appellatam
826 3314 1313 3384 quod‘compareat
1350 3332 1529 3367 coram
1574 3314 1731 3366 nobis
1757 3315 1843 3366 vel
1878 3316 2245 3368 commissario
2272 3324 2460 3369 nostro

458 3401 691 3471 generali
714 3401 771 3454 in
797 3399 1019 3455 ecclesia
1042 3399 1198 3453 beate
1230 3400 1404 3453 Marie
1432 3400 1497 3453 de
1523 3399 1773 3452 Arcubus
1810 3401 2130 3468 LondoniiS,
2156 3409 2346 3471 quarto
2374 3401 2459 3454 die
