2774 3952
65 2216 407 2270 (sol.la·oexii.r⁰.)

119 2881 419 2921 M⁰cc⁰lxxviii⁰.

211 2997 257 3029 υ,

427 427 493 472 26
958 436 1312 471 CHRONICON
1356 434 1900 472 PETROBURGENSE.

425 572 635 617 retenta
673 563 822 615 dabit
859 562 968 632 regi
1008 562 1064 613 in
1110 561 1370 614 scaccario
1421 580 1519 614 suo
1571 561 1637 612 ad
1683 561 1881 611 festum
1927 559 2098 612 sancti
2142 557 2426 610 Michaelis

428 648 670 718 quolibet
719 666 860 699 anno
902 647 1046 698 mille
1087 665 1308 698 marcas,
1404 647 1480 698 Et
1520 646 1612 697 dat
1655 644 1704 696 ei
1748 661 1892 695 nunc
1934 643 1991 694 in
2029 643 2291 713 principio
2326 660 2425 711 pro

426 734 673 804 ingressu
698 731 947 783 habendo
988 731 1130 783 mille
1158 750 1378 784 marcas,
1453 731 1529 783 Et
1554 728 1936 782 nichilominus
1973 727 2194 796 incipiet
2219 728 2426 779 solvere

427 820 572 872 mille
612 837 818 871 marcas
858 819 912 869 in
940 819 1078 870 festo
1121 819 1292 870 sancti
1318 817 1620 881 MichaeliS,
1666 824 1720 868 et
1761 815 1837 867 sic
1865 815 1930 867 de
1956 832 2098 865 anno
2124 813 2180 864 in
2207 832 2427 879 annum.

430 905 638 975 Oweyn
682 922 810 956 vero
856 904 1018 956 frater
1056 904 1190 973 ejuS,
1231 903 1323 973 qui
1365 904 1469 956 fuit
1501 904 1558 955 in
1597 921 1803 956 carcere
1853 919 1950 971 per
1988 900 2190 952 multos
2241 917 2429 963 annOS,

427 991 684 1043 liberatus
735 999 819 1042 est
863 998 917 1042 et
958 998 1065 1042 stat
1109 1009 1231 1042 cum
1275 990 1496 1042 domino
1543 1008 1697 1059 rege3
1737 997 1791 1041 et
1830 988 1987 1040 multi
2028 987 2116 1039 alii
2165 985 2430 1056 prisoneS.

427 1077 504 1128 Et
528 1077 629 1128 iste
657 1076 862 1145 Oweyn
890 1083 944 1128 et
979 1076 1301 1128 Rothericus
1338 1077 1501 1128 frater
1527 1095 1656 1128 suus
1697 1082 2024 1144 conponent,
2052 1074 2096 1125 si
2121 1073 2298 1142 placet
2337 1072 2432 1137 eiS,

429 1182 550 1215 cum
591 1162 864 1214 Lewelino
907 1162 972 1213 de
1015 1161 1312 1214 hereditate
1352 1163 1501 1232 ipsos
1554 1163 1918 1232 contingente,
1963 1181 2123 1232 quam
2161 1158 2433 1229 ,composi-

428 1247 631 1299 tionem
674 1264 768 1297 rex
795 1245 1136 1297 confirmabit
1173 1265 1296 1298 cum
1322 1247 1708 1299 rationabiliter
1731 1248 1871 1299 facta
1894 1246 2073 1298 fuerit.
2149 1246 2224 1297 Et
2250 1244 2295 1296 si
2320 1243 2436 1296 fieri

429 1352 536 1384 non
565 1331 756 1401 possit,
799 1331 875 1383 ita
902 1333 1047 1401 quod
1080 1332 1270 1384 fratres
1298 1351 1359 1385 ea
1395 1334 1568 1386 facere
1612 1333 1884 1386 noluerint
1927 1341 2020 1384 aut
2053 1351 2165 1384 non
2204 1330 2435 1401 possint,

429 1438 522 1471 rex
563 1418 722 1470 faciet
761 1418 903 1470 inter
947 1437 1039 1470 eos
1079 1419 1344 1488 judicium
1391 1428 1445 1472 et
1483 1420 1775 1489 justiciam.
1874 1420 1951 1471 Et
1995 1418 2240 1470 similiter
2278 1417 2437 1469 faciet

430 1513 636 1557 rectum
658 1504 799 1556 inter
826 1505 1159 1557 Lewelinum
1197 1515 1251 1558 et
1278 1506 1487 1576 Oweyn
1519 1507 1735 1558 fratrem
1759 1525 1915 1558 suum
1945 1523 2106 1574 super
2125 1523 2286 1556 causa
2312 1521 2436 1571 cap-

432 1591 601 1643 cionis
628 1598 683 1643 et
706 1591 1154 1660 inprisonacionis
1175 1593 1400 1661 predicti
1419 1592 1643 1663 Oweyn.
1702 1593 1777 1644 Et
1800 1592 2110 1661 homagium
2138 1599 2437 1642 ceterorum

430 1676 770 1728 WValensium
816 1677 1085 1728 concessit
1130 1695 1223 1729 rex
1263 1677 1536 1729 Lewelino
1578 1679 1645 1729 ad
1690 1678 1857 1730 vitam
1903 1675 2163 1728 Lewelini
2206 1682 2435 1726 tantum.

433 1762 543 1816 Qui
571 1761 967 1831 quamprimum
1009 1763 1184 1815 dictus
1210 1764 1515 1816 Lewelinus
1554 1764 1713 1815 faciet
1752 1763 1967 1832 aliquod
2011 1769 2198 1814 contra
2240 1778 2437 1829 regem,

430 1848 683 1901 recedent
708 1868 738 1900 a
774 1867 871 1900 suo
898 1850 1169 1919 homagiO,
1191 1858 1245 1902 et
1271 1850 1609 1903 adherebunt
1627 1849 1755 1919 regi.
1831 1850 1908 1901 Et
1931 1849 2006 1901 ita
2019 1849 2288 1918 jurarunt.
2364 1848 2441 1898 Et

431 1953 593 2003 super
617 1934 736 1986 istis
765 1935 1018 1987 omnibus
1060 1937 1199 1988 facta
1245 1944 1374 1988 sunt
1398 1936 1543 1989 bona
1578 1937 1938 1988 instrumenta
1964 1935 2183 1987 domino
2210 1934 2320 2003 regi
2346 1952 2442 2003 per

432 2021 781 2073 Lewelinum.
858 2022 933 2073 Et
959 2022 1206 2074 concedit
1229 2022 1286 2074 in
1329 2022 1462 2092 ipsis
1505 2023 1879 2075 instrumentis
1920 2023 2095 2074 dictus
2134 2021 2440 2074 Lewelinus

432 2104 577 2175 quod
604 2105 784 2156 omnia
827 2105 928 2156 alia
951 2105 1311 2158 instrumenta
1335 2107 1484 2176 prius
1517 2107 1659 2160 inter
1686 2106 1985 2159 Henricum
2010 2124 2208 2176 regem,
2233 2113 2442 2174 patrem

432 2192 570 2260 regis
605 2191 876 2256 Edwardi,
902 2198 957 2243 et
982 2192 1315 2244 Lewelinum
1342 2194 1481 2245 facta
1514 2193 1680 2245 nichil
1705 2194 1935 2246 valeant.
2009 2197 2031 2259 l
2054 2192 2178 2244 Hiis
2204 2193 2260 2243 in
2294 2191 2442 2261 prin-

434 2277 573 2346 cipio
602 2277 677 2328 sic
696 2277 988 2345 prelocutis
1016 2286 1071 2329 et
1094 2278 1249 2330 factis
1277 2297 1336 2331 ac
1362 2279 1587 2331 firmatis
1621 2279 1853 2331 finaliter
1879 2279 1965 2331 die
2000 2278 2171 2331 sancti
2199 2278 2442 2341 Martini,

435 2363 583 2415 venit
604 2363 906 2415 Lewelinus
934 2365 1002 2415 ad
1025 2365 1307 2417 dominum
1333 2384 1513 2435 regem
1540 2366 1686 2436 apud
1716 2367 2000 2430 Rothelan,
2027 2374 2082 2418 et
2106 2367 2210 2418 ista
2222 2367 2442 2436 juravit,

436 2455 492 2499 et
531 2449 714 2515 posuit
759 2467 814 2500 se
859 2449 927 2500 ad
967 2450 1303 2502 voluntatem
1345 2451 1500 2519 regiS,
1536 2459 1591 2503 et
1616 2452 1800 2520 posuit
1840 2451 2120 2503 dominum
2162 2471 2342 2521 regem
2384 2453 2441 2503 in

437 2531 823 2601 quinquaginta
843 2532 1080 2584 millibus
1106 2533 1272 2585 libris.
1314 2534 1389 2585 Et
1407 2535 1610 2603 juravit
1636 2535 1683 2586 ei
1709 2534 2042 2587 fidelitatem.
2081 2536 2158 2586 Et
2182 2554 2293 2601 rex,
2319 2537 2439 2588 istis

436 2617 610 2682 factis,
650 2618 869 2669 admisit
893 2618 1075 2687 ipsum
1106 2619 1174 2670 ad
1215 2619 1476 2671 osculum.
1553 2621 1628 2671 Et
1653 2620 1802 2671 venit
1828 2620 2003 2672 dictus
2030 2621 2334 2673 Lewelinus
2373 2622 2441 2673 ad

438 2702 709 2765 civitatem
739 2704 1145 2756 Londoniarum
1187 2705 1242 2756 in
1285 2705 1533 2776 sequenti
1576 2707 1716 2759 festo
1758 2706 1968 2758 Natalis
2005 2707 2246 2774 Domini,
2289 2717 2343 2760 et
2367 2709 2444 2761 ibi

437 2788 564 2841 fecit
590 2788 808 2841 domino
834 2789 946 2858 regi
970 2790 1297 2859 homagium.

516 2875 639 2926 Hoc
677 2894 819 2927 anno
855 2876 992 2928 circa
1031 2877 1231 2928 festum
1273 2877 1445 2929 sancti
1473 2877 1700 2930 Martini
1745 2897 1839 2948 per
1882 2887 2198 2949 preceptum
2239 2881 2441 2934 domini
2469 2895 2517 2934 B.

443 2961 605 3030 Regis
633 2980 821 3013 omnes
848 2962 1012 3015 Judei
1038 2963 1231 3032 Anglie
1270 2964 1413 3033 capti
1453 2973 1580 3016 sunt
1621 2965 1781 3016 simul
1823 2965 1961 3017 infra
2000 2985 2170 3018 unum
2216 2968 2357 3019 diem
2393 2980 2448 3020 et

441 3055 676 3111 noctem,
697 3056 919 3116 propter
944 3056 1222 3100 tonsuram
1253 3058 1468 3102 monete
1490 3069 1593 3118 que
1613 3058 1744 3102 tunc
1764 3051 2080 3120 pudibunde
2107 3053 2447 3107 tondebatur.

443 3132 568 3184 Cito
594 3141 722 3202 post
753 3133 996 3202 precepit
1033 3134 1196 3186 etiam
1234 3135 1352 3186 Rex
1397 3136 1542 3205 quod
1581 3154 1770 3188 omnes
1812 3137 2065 3188 aurifabri
2100 3146 2155 3189 et
2193 3141 2446 3192 custodes

441 3237 737 3271 cuneorum
763 3227 819 3270 et
843 3219 1058 3271 illorum
1085 3219 1384 3271 officiorum
1421 3221 1653 3273 ministri
1693 3241 1801 3273 una
1839 3241 1962 3274 cum
1994 3241 2180 3275 eorum
2208 3224 2364 3277 bonis
2392 3235 2448 3280 et

441 3305 645 3357 catallis
708 3305 763 3356 in
820 3305 1148 3370 civitatibus,
1194 3305 1376 3375 burgis
1422 3314 1477 3359 et
1527 3307 1668 3359 villis
1721 3309 2050 3361 mercatoriis
2110 3320 2445 3380 caperentur.

440 3392 516 3443 Et
558 3392 626 3444 ad
668 3391 768 3444 hec
812 3393 1125 3463 exequenda
1175 3392 1468 3462 assignavit
1510 3411 1604 3446 rex
1644 3393 1699 3446 in
1745 3395 2004 3448 comitatu
2051 3397 2444 3452 Norhamtonie

2415 3522 2512 3555 &i
