2774 3952
977 436 1328 472 CHRONICON
1359 437 1903 473 PETRoBURGssNsn.
2345 425 2441 479 147
2468 476 2472 481 ,

518 559 937 612 Memorandum
965 562 1111 630 quod
1139 580 1242 615 .xv.
1286 561 1542 614 kalendas
1570 562 1845 626 OctobriS,
1873 560 2093 625 scilicet,
2139 560 2225 612 die
2271 561 2442 612 sancti

446 643 724 696 Lamberti
750 645 1000 710 martiriS,
1039 664 1180 698 anno
1222 646 1448 698 Domini
1493 646 1709 699 M⁰.c⁰c⁰
1746 644 2137 714 Nonogesimo,
2163 644 2442 696 Johannes

444 728 587 781 filius
615 730 828 782 Ricardi
870 732 936 782 de
965 731 1424 800 Hemmyngtona,
1451 730 1544 800 qui
1584 738 1714 782 ωηο
1757 730 1861 781 fuit
1905 730 1971 782 de
2015 736 2223 798 septem
2267 729 2440 790 annis,

444 813 572 866 fecit
595 815 904 885 homagium
931 816 1153 867 domino
1180 815 1411 868 Ricardo
1438 816 1504 867 de
1545 815 1846 867 Londoniis
1890 813 2094 866 Abbati
2137 813 2307 882 Burgi
2343 831 2442 882 pro

445 905 755 953 tenemento
782 886 927 970 quod
959 901 1024 952 de
1066 900 1187 970 ipso
1227 907 1377 953 tenet
1419 900 1475 952 in
1523 900 1986 970 Hemmyngtona‚
2012 899 2156 968 apud
2201 899 2442 967 Burgum

446 982 630 1036 Sancti
667 985 814 1038 Petri
838 985 895 1037 in
920 1003 1129 1038 camera
1155 985 1361 1038 domini
1386 984 1615 1049 abbatis,
1653 985 1710 1036 in
1735 985 2013 1054 presencia
2054 985 2259 1037 domini
2306 984 2442 1036 Gre-

442 1069 577 1135 gorii
602 1070 669 1122 de
694 1069 1043 1140 Lullingtona
1071 1069 1273 1133 militis,
1312 1069 1519 1122 domini
1556 1069 1817 1122 Willelmi
1862 1070 1928 1122 de
1955 1069 2283 1122 Wodeforde
2310 1076 2441 1120 tune

445 1153 676 1228 Sacriste
703 1154 886 1224 Burgi,
923 1155 1131 1207 Thome
1173 1155 1384 1218 Pechel,
1430 1155 1703 1224 Ranulphi
1748 1156 1813 1208 de
1862 1154 2205 1208 Wodestona
2249 1153 2441 1216 clerici,

443 1237 481 1290 J
484 1239 710 1292 ohannis
760 1240 967 1292 Jordan
1018 1240 1084 1292 de
1136 1240 1482 1305 Bernewelle,
1524 1240 1561 1293 J
1565 1240 1794 1292 ohannis
1836 1241 1902 1292 de
1946 1241 2349 1310 Hemyngtona,
2388 1245 2442 1289 et

445 1324 668 1377 aliorum
695 1326 1007 1378 multorum.

77 1438 197 1476 Wak.
521 1411 684 1463 Anno
711 1411 937 1464 Domini
962 1412 1195 1465 M⁰.c⁰c⁰.
1221 1412 1599 1481 nonagesimo,
1633 1412 1718 1464 die
1764 1412 2022 1465 Mercurii
2047 1412 2292 1481 proxima
2319 1415 2442 1478 post

85 1512 210 1551 wake.
450 1495 653 1548 festum
695 1496 880 1549 Sancti
922 1497 1133 1549 Mathie
1159 1496 1409 1566 apostoli,
1451 1496 1672 1560 scilicet,
1712 1497 1883 1566 pridie
1927 1498 2183 1549 kalendas
2229 1493 2440 1555 Marcii,

448 1579 725 1633 Johannes
768 1580 961 1645 Wake,
1003 1580 1096 1650 qui
1140 1588 1269 1633 tunc
1312 1581 1557 1632 nondum
1597 1581 1699 1632 fuit
1742 1581 1913 1645 mileS,
1963 1582 2090 1633 fecit
2131 1578 2441 1647 homagium

448 1665 668 1718 domino
696 1666 924 1718 Ricardo
952 1665 1018 1718 de
1045 1665 1345 1717 Londoniis
1371 1665 1571 1716 Abbati
1617 1666 1783 1735 Burgi
1821 1667 1966 1735 apud
1993 1666 2234 1734 Burgum
2261 1662 2444 1715 Sancti

448 1750 594 1803 Petri
617 1769 716 1820 pro
741 1757 1052 1803 tenemento
1080 1749 1225 1818 quod
1252 1749 1317 1799 de
1343 1748 1463 1818 ipso
1501 1756 1668 1814 tenet,
1695 1750 1751 1801 in
1789 1751 2065 1820 presencia
2091 1749 2295 1801 domini
2323 1748 2443 1799 Hu-

445 1835 601 1904 gonis
627 1836 802 1889 Wake
827 1835 1034 1899 militis,
1059 1834 1300 1903 magistri
1344 1834 1565 1886 Roberti
1606 1836 1672 1888 de
1714 1836 1962 1889 Sceffeud
1996 1845 2126 1888 tunc
2159 1832 2446 1887 Senescalli

449 1920 633 1990 Burgi,
703 1920 908 1973 domini
958 1918 1217 1971 Willelmi
1282 1918 1348 1970 de
1422 1916 1715 1971 Wodeford
1779 1929 1910 1971 tune
1962 1919 2193 1971 Sacriste
2259 1917 2442 1985 Burgi,

450 2004 704 2057 Richardi
742 2005 917 2056 fratris
969 2003 1173 2056 domini
1226 2002 1454 2054 Galfridi
1504 2003 1775 2072 quondam
1826 2004 2011 2055 militis
2053 2004 2119 2055 de
2161 2002 2443 2070 Sutthorp‚

449 2091 487 2143 J
490 2090 717 2142 ohannis
745 2091 953 2150 Blome,
982 2096 1038 2141 et
1062 2088 1286 2139 aliorum
1314 2088 1625 2139 multorum.

524 2174 688 2226 Curia
707 2175 773 2226 de
791 2174 1147 2243 Weringtona
1166 2180 1316 2225 tenta
1342 2172 1427 2225 die
1447 2173 1603 2225 Lune
1629 2173 1875 2242 proximo
1895 2181 2022 2242 post
2039 2173 2238 2225 festum
2261 2172 2444 2225 Sancti

452 2258 599 2311 Petri
621 2259 678 2310 in
706 2258 991 2322 Cathedra,
1016 2276 1157 2309 anno
1185 2257 1390 2309 domini
1417 2258 1632 2310 Ricardi
1657 2258 1887 2311 Abbatis
1914 2259 2121 2311 decimo
2149 2268 2355 2311 octavo,

526 2345 692 2412 Hugo
711 2343 854 2395 filius
882 2341 1155 2411 Radulphi
1177 2341 1352 2393 Crane
1378 2342 1444 2394 de
1472 2343 1782 2412 Alingtona,
1801 2352 1964 2413 prout
1987 2344 2271 2413 inquisicio
2299 2344 2446 2409 dicit,

453 2436 538 2482 est
561 2429 702 2480 filius
730 2435 784 2480 et
813 2428 967 2479 heres
995 2426 1123 2478 dicti
1166 2426 1435 2495 Radulphi
1484 2435 1538 2479 et
1574 2428 1733 2496 plene
1777 2428 1954 2493 etatiS,
1992 2436 2046 2480 et
2086 2436 2236 2480 tenet
2275 2447 2445 2480 unum

453 2512 785 2581 mesuagium
812 2518 867 2563 et
893 2510 1168 2579 sexaginta
1193 2528 1339 2563 acras
1366 2521 1508 2563 terre
1534 2530 1658 2563 cum
1677 2512 2025 2581 pertinenciis
2051 2515 2107 2565 in
2133 2515 2446 2584 Alingtona,

452 2606 515 2650 ut
531 2597 761 2650 liberum
789 2596 1059 2664 socagium
1081 2596 1148 2647 de
1167 2595 1380 2649 Abbate
1402 2598 1468 2649 de
1490 2598 1691 2667 Burgo,
1712 2599 1987 2651 reddendo
2007 2599 2132 2651 inde
2158 2600 2332 2652 eidem
2352 2619 2449 2670 per

454 2702 656 2735 annum
682 2682 754 2735 xi.
782 2682 981 2734 solidos
1011 2681 1134 2733 .viii.
1163 2682 1408 2734 denarios
1453 2683 1520 2734 ad
1562 2683 1655 2735 iiii.
1701 2685 1980 2749 terminOS,
2007 2692 2061 2736 et
2104 2686 2446 2739 medietatem

453 2769 614 2822 unius
647 2768 881 2822 vomeris
908 2768 975 2819 ad
1000 2767 1179 2836 gulam
1205 2768 1457 2837 Augusti.
1533 2769 1684 2821 Facit
1724 2778 1924 2822 sectam
1971 2778 2026 2822 et
2059 2772 2151 2822 dat
2190 2773 2447 2826 relevium

456 2854 724 2908 sexdecim
752 2853 1045 2905 solidorum
1071 2871 1195 2905 cum
1221 2853 1487 2906 acciderit.
1566 2855 1750 2921 (Modo
1776 2860 1832 2908 in
1855 2875 2013 2909 manu
2039 2859 2267 2926 domini.)

85 2960 236 2997 Menon
527 2941 690 2992 Anno
716 2938 943 2991 Domini
969 2939 1200 2990 M⁰.c⁰c⁰.
1229 2939 1596 3008 Nonagesimo
1624 2940 1815 3010 primo,
1842 2941 1927 2992 die
1956 2941 2177 2993 Sabbati
2203 2944 2448 3010 proximo

84 3014 124 3050 P
125 3018 248 3051 ascen.
457 3035 582 3077 ante
629 3026 828 3077 festum
880 3024 1063 3076 Sancti
1114 3025 1357 3088 Martini,
1409 3025 1628 3090 scilicet,
1680 3034 1868 3095 quarto
1917 3027 2040 3078 idus
2105 3028 2449 3094 NovembriS,

457 3109 494 3161 J
497 3110 736 3161 ohannes
784 3109 926 3160 filius
971 3109 1176 3160 domini
1224 3109 1440 3162 Andree
1481 3111 1677 3164 Russel
1718 3111 1844 3164 fecit
1878 3113 2187 3182 homagium
2230 3114 2448 3165 domino

460 3193 689 3244 Ricardo
715 3193 915 3245 Abbati
940 3211 1038 3263 pro
1060 3202 1368 3246 tenemento
1403 3195 1548 3263 quod
1575 3195 1641 3247 de
1682 3195 1803 3265 ipso
1829 3204 1978 3248 tenet
2020 3197 2076 3247 in
2118 3197 2364 3248 Meltona
2394 3205 2449 3248 et

463 3278 714 3342 Pastona,
740 3276 795 3328 in
821 3279 1095 3346 presencia
1121 3279 1463 3333 dominorum
1504 3280 1541 3332 J
1545 3281 1771 3334 ohannis
1799 3282 1864 3334 de
1890 3283 2097 3334 Astona
2123 3288 2177 3333 et
2223 3281 2450 3334 Galfridi
