2774 3952
1007 438 1362 474 cnssomcoN
1394 438 1936 474 PETROBURGENSE.
2412 423 2478 470 83

474 582 760 633 personam
790 564 919 616 dicti
944 565 1204 616 Willelmi
1248 564 1593 635 tangentibus
1637 564 1992 634 inquisicione
2037 563 2175 614 facta
2220 561 2481 629 diligenti,

471 652 617 719 quod
643 669 739 721 per
764 669 880 703 eam
908 659 991 703 est
1016 651 1299 703 inventum
1341 651 1441 703 sub
1483 650 1655 719 sigillo
1701 647 2038 701 officialitatis
2085 646 2480 698 Norhamtonie

470 735 626 787 vobis
652 737 921 788 inclusum
947 735 1277 788 transmitto,
1350 735 1544 787 Valeat
1567 733 1864 803 paternitas
1889 739 2068 783 vestra
2094 739 2195 783 etc.
2272 730 2479 781 Datum

470 822 614 889 apud
643 822 884 885 Hilham,
913 821 997 873 die
1023 820 1312 873 Dominica
1337 819 1581 889 proxima
1606 827 1733 889 post
1751 819 1951 870 festum
1974 817 2145 869 sancti
2177 815 2479 879 MichaeliS,

468 923 610 958 anno
638 907 863 959 Domini
875 905 1212 975 supradicta

542 993 666 1044 Hiis
685 1000 865 1045 autem
896 991 1094 1043 auditis
1121 999 1176 1043 et
1195 991 1514 1052 intellectis3
1559 990 1868 1061 Episcopus
1895 989 2078 1042 abbati
2105 997 2159 1041 et
2184 986 2475 1041 conventui

465 1077 719 1145 predictis
763 1075 1007 1128 inhibere
1033 1075 1160 1127 fecit
1185 1093 1253 1128 ne
1288 1075 1567 1128 ecclesiam
1595 1076 1661 1127 de
1703 1074 1976 1144 Cloptona
2000 1092 2097 1143 per
2122 1082 2349 1124 mortem
2380 1072 2476 1123 do·

465 1161 600 1213 mini
643 1162 681 1215 J
684 1161 912 1213 ohannis
964 1162 1030 1213 de
1083 1160 1430 1213 Camerwelle
1483 1169 1766 1213 vacantem
1812 1159 1968 1210 alicui
2020 1160 2326 1211 conferrent
2374 1175 2474 1209 nec

464 1248 695 1317 aliquem
723 1249 789 1300 ad
829 1248 1060 1300 eundem
1099 1254 1492 1316 presentarent,
1519 1247 1660 1317 quia,
1686 1254 1749 1298 ut
1789 1246 2035 1310 asseruit,
2068 1245 2309 1315 predicto
2336 1245 2474 1297 Wil-

463 1333 624 1386 lelmo
652 1331 921 1404 Campiun
961 1334 1027 1386 de
1054 1334 1196 1385 dicta
1222 1332 1446 1386 ecclesia
1480 1332 1761 1402 providere
1804 1331 2121 1383 intendebat
2141 1332 2295 1400 juxta
2322 1350 2471 1382 man-

465 1417 648 1469 datum
676 1417 1048 1487 apostolicum.
1127 1418 1290 1470 Unde
1317 1417 1593 1470 mandavit
1618 1417 1844 1470 cuidam
1883 1416 2074 1468 clerico
2113 1415 2473 1468 archidiaconi

463 1501 858 1555 Norhamtonie
882 1503 1086 1555 litteras
1111 1502 1457 1555 inhibicionis
1485 1501 1831 1570 subscriptas·

533 1588 786 1642 Oliverus
811 1589 1166 1659 permissione
1211 1588 1393 1640 divina
1434 1588 1716 1640 Lincolnie
1744 1588 2070 1657 EpiSCOPUS‚
2115 1586 2308 1638 unicus
2348 1604 2472 1638 exe-

458 1680 613 1726 cutor
630 1692 791 1743 super
815 1674 1125 1743 provisione
1142 1673 1424 1726 Willielmi
1443 1673 1712 1742 Campiun
1731 1673 1797 1724 de
1818 1672 2198 1742 Irtlingburco,
2219 1672 2471 1741 pauperis

456 1757 649 1823 clerici,
676 1777 707 1810 a
733 1759 859 1811 sede
885 1758 1181 1828 apostolica
1207 1759 1516 1828 deputatUS‚
1543 1757 1740 1810 dilecto
1766 1758 1821 1809 in
1842 1757 2061 1810 Christo
2083 1757 2193 1809 filio
2217 1757 2469 1826 magistro

457 1843 721 1896 Nicholao
739 1842 930 1897 clerico
966 1843 1171 1896 domini
1188 1843 1548 1896 archidiaconi
1565 1843 1962 1896 Norhamtonie
1980 1844 2227 1907 salutem,
2243 1844 2468 1912 gratiam

455 1936 511 1980 et
534 1927 982 1982 benedictionem.
1061 1928 1204 1983 Quia
1244 1928 1561 1981 auctoritate
1606 1928 1905 1980 litterarum
1946 1927 2272 1979 sanctissimi
2299 1927 2466 1996 patris

455 2012 661 2064 domini
689 2013 914 2065 Martini
951 2031 1090 2082 pape
1117 2012 1308 2081 quarti,
1348 2031 1480 2081 quas
1505 2012 1661 2065 vobis
1697 2030 1794 2081 per
1832 2012 2036 2064 dictum
2064 2011 2315 2063 clericum
2343 2012 2467 2063 mit-

454 2097 620 2149 timus
646 2098 1007 2166 inspiciendas
1035 2098 1299 2166 nobisque
1324 2098 1466 2149 illico
1493 2098 1846 2150 remittendas
1864 2115 1959 2166 per
1980 2098 2231 2161 eundem,
2264 2096 2466 2148 sollerti

453 2182 808 2251 inquisicione
848 2183 1128 2252 prehabita
1173 2182 1374 2234 dictum
1424 2182 1676 2234 clericum
1720 2182 1859 2234 bene
1904 2182 2286 2251 morigeratum
2327 2200 2464 2246 esse,

455 2267 737 2320 laudabilis
776 2268 1070 2320 testimonii
1115 2286 1176 2320 ac
1221 2268 1349 2319 alias
1393 2268 1650 2319 idoneum
1691 2268 1755 2319 ad
1801 2268 2114 2337 hujusmodi
2141 2267 2462 2320 beneficium

456 2353 873 2405 ecclesiasticum
921 2353 1218 2405 secundum
1245 2355 1473 2405 formam
1513 2353 1754 2405 mandati
1780 2353 2065 2423 apostolici
2104 2353 2461 2422 optinendum

454 2438 799 2508 reperienteS‚
825 2439 1185 2508 mandatoque
1211 2439 1508 2508 apostolico
1550 2447 1858 2491 reverenter
1902 2439 2120 2491 obedire
2165 2439 2460 2507 cupienteS,

452 2524 730 2577 ecclesiam
772 2525 837 2576 de
881 2523 1150 2593 Cloptona
1193 2533 1377 2576 nostre
1416 2524 1663 2585 diocesiS‚
1690 2525 1843 2593 cujus
1870 2532 2188 2594 patronatus
2215 2524 2283 2575 ad
2307 2523 2457 2593 ipsos

449 2610 725 2679 religiosos
769 2609 1019 2662 abbatem
1059 2618 1115 2662 et
1147 2617 1473 2662 conventum
1503 2610 1569 2662 de
1596 2611 1779 2679 Burgo
1808 2610 1979 2662 sancti
2018 2610 2163 2662 Petri
2190 2610 2456 2679 pertinere

450 2696 746 2748 dinoscitur
783 2697 850 2748 de
883 2697 1005 2765 jure
1031 2704 1087 2747 et
1131 2697 1197 2748 de
1222 2696 1364 2748 facto
1395 2714 1540 2748 nunc
1565 2706 1842 2748 vacantem
1881 2697 2021 2748 sicut
2061 2696 2272 2760 dicitur,
2299 2697 2383 2748 vel
2411 2696 2456 2747 si

449 2782 579 2850 quid
603 2782 747 2834 aliud
772 2790 926 2834 vacat
951 2782 1018 2833 ad
1043 2800 1266 2852 presens
1295 2783 1380 2835 vel
1405 2783 1676 2851 quamcito
1703 2783 1771 2834 ad
1797 2783 1852 2834 id
1874 2783 2132 2851 optulerit
2153 2801 2209 2834 se
2229 2783 2453 2834 facultas

450 2875 699 2935 spectans
726 2868 793 2919 ad
819 2867 1168 2920 collacionem
1194 2868 1277 2920 vel
1317 2868 1782 2937 presentacionem
1828 2868 2140 2932 eorundem,
2169 2867 2453 2920 donacioni

449 2960 650 3017 nostre,
666 2954 833 3006 immo
850 2954 1028 3005 verius
1045 2954 1356 3023 apostolice,
1376 2955 1767 3006 reservavimus
1785 2963 1840 3006 et
1858 2955 2032 3006 adhuc
2052 2973 2107 3006 re
2120 2954 2446 3022 [servamus]

86 3043 186 3095 (fol.
206 3046 273 3086 cii.
293 3049 375 3100 νο.)
450 3042 471 3103 s
480 3039 638 3107 juxta
661 3040 916 3091 virtutem
943 3040 1184 3091 mandati
1212 3039 1562 3109 suprascripti
1598 3040 1742 3092 dicto
1787 3040 2011 3109 pauperi
2054 3040 2243 3092 clerico
2271 3041 2452 3092 confe-

82 3119 143 3158 De
162 3122 311 3161 eodem.
450 3125 696 3190 rendum,
722 3126 1069 3178 decernentes
1096 3144 1163 3178 ex
1199 3144 1346 3177 nunc
1371 3125 1581 3177 irritum
1607 3133 1663 3178 et
1699 3126 1860 3178 inane
1903 3126 1946 3177 si
1986 3144 2082 3195 per
2122 3126 2339 3178 eosdem
2363 3124 2451 3176 vel

451 3209 582 3261 alios
606 3210 664 3261 in
687 3211 788 3263 hac
813 3220 963 3281 parte
991 3229 1144 3263 secus
1169 3211 1330 3263 fuerit
1356 3219 1770 3280 attemptatum3
1806 3211 1977 3264 Vobis
2005 3212 2320 3263 mandamus
2349 3209 2449 3261 sub

450 3311 590 3363 pena
615 3296 866 3348 canonice
884 3297 1240 3349 districcionis
1257 3297 1480 3349 firmiter
1499 3298 1858 3367 injungenteS‚
1887 3298 2135 3366 quatinus
2155 3300 2449 3347 memorato

450 3379 631 3432 abbati
671 3388 727 3433 et
770 3383 1059 3436 conventui
1104 3401 1202 3436 suo
1247 3401 1342 3452 per
1368 3384 1621 3449 eundem,
1646 3383 2068 3436 reservacionem
2096 3391 2150 3434 et
2176 3382 2448 3432 decretum
