2774 3952
103 1093 190 1131 Hoc
203 1104 322 1130 anno.

97 2020 393 2060 Norhamtonia.

96 2456 260 2494 Decima
274 2468 388 2493 vena-

95 2511 234 2548 cionis.

96 3141 372 3180 venatoribus.

977 434 1336 471 CHRONICON
1368 435 1916 471 PETROBURGENSE.
2394 423 2464 471 39

465 559 672 612 cionem
699 558 864 612 nichil
907 560 956 612 ei
1001 579 1032 612 a
1071 568 1215 613 retro
1241 560 1345 613 fuit
1379 562 1445 614 de
1470 561 1712 631 predicto
1737 559 1953 613 relevi0.
2029 558 2183 611 Dicit
2211 559 2281 611 .ii.
2322 561 2468 628 quod

465 653 588 697 ante
615 645 756 697 diem
795 646 947 698 illum
986 646 1245 700 satisfecit
1270 647 1319 700 ei
1343 665 1443 717 pro
1467 647 1710 716 predicto
1738 645 1954 710 relevio,
1995 651 2051 696 et
2094 645 2160 696 de
2186 645 2289 697 hoc
2315 645 2470 713 ponit

465 748 522 782 se
549 749 710 800 super
748 732 993 801 patriam,
1037 740 1093 785 et
1132 732 1297 784 abbas
1344 732 1604 784 similiter.
1681 730 1814 782 Ideo
1858 736 2175 798 preceptum
2221 738 2304 781 est
2331 730 2470 782 vice-

463 817 648 868 comiti
673 818 819 887 quod
843 818 1026 871 venire
1051 817 1212 870 faciat
1255 817 1312 868 in
1354 815 1587 869 crastino
1632 813 1804 866 sancti
1830 813 2058 865 Martini
2083 814 2189 865 nisi
2225 815 2468 884 Rogerus

464 900 530 952 de
549 901 785 971 Seytona
809 903 956 973 prius
983 911 1084 956 etc.
1110 902 1204 955 xii.
1249 908 1352 954 etc.
1393 917 1490 969 per
1533 917 1668 968 quos
1710 906 1811 950 etc.
1857 898 1926 949 ad
1970 900 2468 968 recognoscendum

462 986 519 1039 in
545 988 717 1040 forma
741 989 981 1058 predicta
1001 1006 1163 1058 quare
1189 1005 1387 1051 coram,
1412 993 1518 1038 etc.

539 1073 752 1138 Postea,
801 1091 981 1126 coram
1025 1074 1278 1126 Johanne
1329 1072 1395 1123 de
1439 1071 1681 1123 Luvetot
1731 1077 1787 1122 et
1835 1069 1958 1122 Elia
2012 1070 2078 1122 de
2130 1070 2469 1140 Bekingham

459 1157 769 1226 justiciariis
815 1157 1023 1210 domini
1048 1157 1187 1227 regis
1231 1157 1378 1227 apud
1414 1157 1658 1226 Burgum
1702 1155 1874 1208 sancti
1920 1155 2084 1220 Petri,
2123 1156 2209 1208 die
2249 1156 2471 1208 Sabbati

462 1241 708 1311 proxima
746 1249 870 1293 ante
911 1241 1143 1294 mediam
1187 1240 1668 1311 quadragesimam,
1707 1257 1850 1291 anno
1875 1239 2025 1309 regni
2050 1240 2188 1309 regis
2216 1240 2469 1293 Edwardi

461 1327 590 1379 viii⁰.
623 1334 888 1379 venerunt
912 1327 1141 1397 predicti
1167 1327 1499 1380 Laurencius
1539 1326 1604 1378 de
1634 1326 1894 1378 Prestona
1920 1333 1975 1377 et
2000 1325 2164 1378 abbas
2191 1326 2258 1378 de
2286 1327 2467 1395 Burgo

462 1412 634 1465 sancti
685 1412 848 1477 Petri,
893 1421 949 1465 et
989 1412 1236 1465 similiter
1278 1411 1463 1482 jurati,
1504 1411 1596 1480 qui
1631 1411 1827 1463 dicunt
1871 1429 2034 1480 super
2075 1420 2467 1463 sacramentum

463 1516 622 1548 suum
657 1498 802 1567 quod
843 1497 929 1550 die
956 1516 1063 1567 quo
1089 1498 1364 1567 predictus
1391 1497 1558 1549 abbas
1584 1497 1712 1550 fecit
1738 1496 2133 1549 districcionem
2163 1515 2324 1566 super
2348 1515 2469 1567 pre-

463 1581 668 1633 dictum
709 1581 1086 1646 Laurencium,
1133 1582 1311 1635 dictus
1354 1581 1687 1634 Laurencius
1727 1580 2014 1633 tenebatur
2062 1581 2112 1633 ei
2163 1581 2219 1632 in
2268 1582 2466 1634 relevio

463 1685 581 1731 SUO,
618 1667 764 1736 quod
807 1667 1024 1737 quidem
1063 1668 1112 1721 ei
1149 1687 1181 1720 a
1219 1675 1362 1720 retro
1399 1667 1506 1720 fuit
1542 1667 1609 1720 de
1645 1667 1888 1737 predicta
1925 1675 2111 1737 quarta
2147 1676 2299 1737 parte
2325 1669 2469 1721 feodi

459 1752 622 1804 unius
662 1753 848 1804 militis
892 1754 1038 1823 quod
1076 1754 1143 1806 de
1181 1772 1246 1806 eo
1284 1761 1435 1806 tenet
1471 1753 1529 1805 in
1565 1754 1808 1823 predicta
1844 1753 1986 1806 villa.
2060 1753 2137 1805 Et
2173 1753 2295 1806 ideo
2339 1773 2468 1807 con-

461 1838 753 1890 sideratum
779 1847 864 1891 est
899 1840 1045 1909 quod
1087 1839 1364 1909 predictus
1406 1839 1572 1892 abbas
1607 1840 1803 1893 habeat
1838 1848 2122 1892 returnum
2147 1840 2467 1905 averiorum,

461 1932 516 1977 et
538 1925 656 1993 ipse
680 1925 737 1976 in
762 1925 1126 1978 misericordia
1150 1944 1249 1996 pro
1275 1926 1410 1978 falso
1437 1925 1647 1978 clamio.

533 2011 839 2062 Recordum
864 2019 920 2063 et
943 2011 1126 2064 brevia
1143 2030 1240 2081 per
1265 2029 1368 2081 que
1392 2011 1678 2081 inquisicio
1713 2019 1869 2080 capta
1893 2012 1997 2063 fuit
2036 2030 2132 2081 per
2156 2012 2194 2064 J
2197 2013 2466 2065 ohannem

460 2095 526 2148 (16
552 2096 791 2147 Luvetot
815 2103 871 2148 et
895 2096 1073 2148 Eliam
1101 2097 1166 2150 de
1194 2097 1550 2166 Bekingham,
1571 2084 1896 2165 justiciarios
1923 2099 1990 2149 ad
2017 2098 2120 2149 hoc
2145 2098 2466 2166 assignatOS,

457 2190 692 2250 possunt
724 2180 955 2232 inveniri
997 2182 1139 2234 inter
1178 2181 1362 2234 brevia
1402 2182 1470 2234 de
1511 2181 1718 2234 octabis
1765 2189 1950 2235 sancte
1984 2182 2284 2247 Trinitatis,
2321 2201 2463 2235 anno

458 2266 609 2335 regni
633 2266 772 2335 regis
800 2274 1009 2319 octavo·

534 2353 708 2404 Breve
734 2352 939 2404 domini
964 2352 1101 2422 regis
1121 2370 1220 2422 pro
1245 2352 1556 2406 venacione.

534 2437 833 2490 Edwardus
874 2438 980 2490 Dei
1022 2438 1191 2507 gratia
1229 2457 1323 2491 rex
1361 2439 1574 2508 Anglie,
1616 2446 1719 2491 etc.
1817 2439 2034 2492 Dilecto
2068 2447 2124 2492 et
2171 2439 2318 2491 fideli
2367 2458 2464 2491 suo

464 2522 694 2575 Ricardo
721 2523 787 2575 de
814 2523 1147 2588 Holebroke,
1174 2524 1468 2576 senescallo
1496 2542 1595 2576 suo
1623 2524 1690 2576 de
1721 2524 1939 2589 foresta,
1980 2525 2227 2577 salutem.
2302 2526 2466 2576 Man-

462 2607 651 2659 damus
667 2607 823 2660 vobis
850 2608 996 2678 quod
1015 2609 1220 2661 faciatis
1241 2609 1437 2662 habere
1462 2609 1659 2661 dilecto
1675 2608 1834 2661 nobis
1851 2608 1907 2661 in
1937 2609 2174 2672 Christo,
2202 2609 2384 2662 abbati
2401 2610 2467 2663 (16

462 2694 643 2764 Burgo
688 2694 859 2746 sancti
886 2694 1051 2759 Petri,
1077 2693 1340 2746 decimam
1373 2694 1683 2746 venacionis
1721 2702 1905 2746 nostre
1931 2694 1987 2746 in
2032 2694 2294 2747 comitatu
2319 2695 2465 2747 Nor-

457 2779 733 2832 hamtonie
783 2787 955 2850 capte,
1011 2780 1151 2832 sicut
1199 2779 1606 2848 predecessores
1666 2780 1750 2832 sui
1799 2779 2021 2833 abbates
2071 2781 2316 2850 ejusdem
2359 2781 2464 2832 loci

460 2865 722 2918 decimam
771 2865 920 2918 illam
969 2864 1305 2935 temporibus
1359 2865 1471 2918 suis
1528 2865 1726 2918 habere
1776 2874 2190 2919 consueverunt.
2302 2867 2464 2918 Teste

459 2950 667 3020 meipso
693 2951 838 3020 apud
873 2950 1422 3004 Westmonasterium
1447 2950 1630 3005 xxviii.
1654 2950 1740 3004 die
1766 2950 1920 3015 Maii,
1947 2969 2090 3003 anno
2116 2950 2267 3020 regni
2292 2951 2464 3003 nostri

464 3035 588 3088 viii0.

535 3121 653 3172 Rex
693 3120 1039 3173 venatoribus
1086 3120 1198 3173 suis
1241 3120 1488 3190 proximo
1529 3120 1770 3173 venturis
1814 3120 1872 3171 in
1904 3119 2165 3172 comitatu
2192 3119 2246 3171 N
2250 3119 2463 3171 orham-

463 3204 610 3257 tonie
635 3205 702 3257 ad
727 3207 1074 3259 venacionem
1095 3206 1170 3259 ibi
1195 3205 1529 3276 capiendam,
1557 3206 1802 3259 salutem.
1881 3205 2023 3260 Quia
2050 3205 2277 3257 dilectus
2304 3203 2460 3255 nobis

463 3289 520 3340 in
549 3288 766 3343 Christo
792 3291 956 3344 abbas
984 3293 1050 3346 de
1078 3293 1260 3361 Burgo
1289 3292 1460 3344 sancti
1497 3292 1642 3344 Petri
1667 3291 1863 3344 clamat
1887 3308 1984 3360 per
2009 3298 2180 3342 cartas
2211 3287 2460 3358 progeni-

464 3380 643 3425 torum
663 3382 974 3428 nostrorum
999 3394 1184 3444 regum
1210 3376 1402 3444 Anglie
1426 3375 1623 3428 habere
1656 3375 1918 3428 decimam
1943 3371 2250 3428 venacionis
2276 3378 2460 3423 nostre
