2774 3952
478 407 579 454 136
1003 419 1358 455 onnomcoN
1388 420 1933 458 PETROBURGENSE.

472 551 671 609 ranteS,
711 543 962 596 videlicet
1007 544 1213 597 domini
1237 545 1274 598 J
1277 546 1517 597 ohannes
1560 545 1626 597 de
1651 545 1915 610 vallibus,
1943 547 2185 615 Rogerus
2210 548 2471 611 Luvedai,

471 631 780 683 Willelmus
807 631 873 683 (18
902 630 1116 694 Saham,
1144 638 1200 682 ct
1235 630 1273 683 J
1277 631 1516 683 ohannes
1544 631 1610 682 de
1646 630 2008 700 Metingham,
2033 633 2178 701 apud
2219 634 2472 686 Hunten-

473 715 709 781 doniam,
737 734 916 768 coram
943 716 1139 786 quibus
1175 715 1539 768 summonitus
1578 715 1683 767 fuit
1709 716 1961 768 dominus
2004 716 2267 769 Ricardus
2307 719 2472 772 abbas

472 801 540 852 ad
574 802 1015 870 respondendum
1054 802 1120 855 de
1157 801 1495 854 libertatibus
1536 801 1647 854 suis
1690 802 1749 853 in
1790 802 2042 854 Flettona
2076 809 2131 854 et
2159 803 2491 868 Alwaltona,

473 885 574 938 sub
600 887 701 939 hac
726 888 900 939 forma
918 908 1007 939 :—

102 971 355 1010 Inrotulacio.
542 970 729 1022 Abbas
755 972 822 1023 (18
850 972 1032 1040 Burgo
1054 971 1226 1023 sancti
1253 971 1399 1024 Petri
1421 972 1785 1024 summonitus
1811 972 1916 1024 fuit
1941 973 2010 1024 ad
2034 972 2474 1041 respondendum

472 1056 692 1108 domino
732 1057 868 1126 Regi
895 1058 962 1109 de
994 1058 1212 1126 placito,
1238 1076 1344 1127 quo
1370 1066 1607 1111 warento
1651 1058 1846 1111 clamat
1882 1058 2078 1111 habere
2104 1058 2282 1111 visum
2306 1058 2475 1111 franci

469 1141 631 1210 plegii
667 1141 724 1192 in
750 1142 1054 1194 Alwaltona
1087 1150 1143 1195 et
1179 1143 1449 1208 Flettona,
1473 1145 1630 1213 weyf,
1655 1151 1971 1208 mercatum,
1996 1151 2051 1196 et
2091 1144 2335 1196 tolneum
2372 1162 2467 1196 na-

469 1227 616 1279 vium
644 1228 787 1296 apud
808 1228 1183 1292 Alwaltonam,
1213 1235 1268 1280 et
1292 1229 1466 1280 furcas
1494 1229 1639 1298 apud
1660 1229 1988 1294 Flettonam,
2013 1237 2068 1282 et
2087 1229 2276 1281 catalla
2299 1228 2475 1281 homi-

469 1331 601 1364 num
629 1332 851 1366 suorum
878 1332 1285 1382 suspensorum,
1311 1314 1554 1366 felonum
1589 1322 1644 1367 et
1668 1315 2035 1385 fugitivorum,
2062 1314 2475 1367 amerciamenta

471 1416 573 1466 que
599 1416 666 1450 ex
692 1399 923 1451 murdris
950 1406 1006 1452 et
1030 1399 1147 1451 aliis
1173 1399 1524 1452 forisfacturis
1549 1399 1835 1452 hominum
1875 1418 2095 1452 suorum
2131 1399 2475 1469 proveniunt,

470 1483 728 1552 placitum
752 1484 908 1536 vetiti
934 1484 1100 1535 namii
1125 1491 1180 1536 et
1207 1492 1488 1536 returnum
1525 1484 1773 1537 brevium
1800 1485 2006 1538 domini
2041 1486 2223 1555 Regis,
2248 1493 2303 1537 et
2328 1485 2476 1545 colli-

470 1587 593 1638 gere
620 1569 801 1622 debita
827 1569 1033 1622 domini
1061 1570 1223 1639 Regis
1248 1569 1306 1620 in
1333 1570 1588 1622 dominiis
1617 1571 1747 1636 suiS,
1774 1579 1829 1623 et
1866 1571 1994 1623 inde
2029 1572 2096 1623 ad
2138 1569 2472 1624 scaccarium

474 1654 680 1706 domini
697 1655 859 1724 Regis
879 1655 1222 1724 respondere,
1243 1672 1345 1724 que
1366 1655 1434 1706 ad
1453 1654 1634 1724 ipsum
1652 1655 1936 1708 dominum
1958 1658 2159 1725 Regem
2180 1655 2474 1725 pertinent,

476 1739 591 1792 sine
616 1740 856 1804 licencia,
883 1747 985 1792 etc.

102 1819 337 1911 *xffizfflffis
348 1873 398 1910 de
548 1824 624 1876 Et
649 1824 813 1876 abbas
842 1843 937 1894 per
962 1832 1293 1877 attornatum
1322 1843 1481 1877 suum
1506 1824 1656 1877 venit
1681 1832 1736 1891 et
1767 1825 1914 1891 dicit,
1941 1826 2086 1895 quod
2111 1833 2228 1878 tota
2251 1825 2377 1878 villa
2408 1825 2475 1878 (18

101 1927 295 1966 Loktona.
474 1910 793 1974 Alwaltona,
820 1919 876 1962 et
913 1910 1157 1962 similiter
1193 1917 1310 1962 tota
1333 1910 1460 1962 villa
1497 1910 1563 1962 (18
1603 1910 1872 1974 Flettona,
1900 1918 2027 1962 sunt
2053 1911 2119 1963 de
2157 1911 2317 1963 feodo
2357 1930 2474 1964 suo·

475 1996 551 2048 Et
575 1996 770 2048 clamat
792 1994 988 2047 habere
1013 1994 1318 2064 predictum
1342 1994 1521 2047 visum
1547 1995 1613 2047 (18
1640 1995 1894 2047 omnibus
1920 1996 2379 2049 commorantibus
2416 1997 2473 2048 in

473 2081 727 2151 predictis
776 2080 935 2134 villis,
1010 2081 1088 2132 Et
1134 2087 1284 2132 tenet
1325 2080 1504 2132 visum
1549 2097 1709 2131 suum
1750 2079 1835 2131 bis
1878 2098 1975 2148 per
2014 2099 2218 2132 annum
2261 2088 2317 2132 et
2362 2079 2476 2132 sine

473 2167 751 2236 presencia
778 2166 1060 2220 servientis
1100 2165 1281 2235 Regis,
1314 2173 1370 2217 et
1408 2165 1575 2218 nichil
1612 2166 1704 2218 dat
1748 2165 1884 2235 Regi
1922 2183 2021 2233 pro
2047 2165 2169 2218 visu
2206 2164 2474 2219 habendo.

474 2251 789 2321 Requisitus
826 2251 871 2303 si
896 2250 1093 2303 habeat
1126 2251 1304 2302 furcas
1339 2250 1452 2302 sive
1493 2250 1596 2302 alia
1627 2249 1933 2319 judicialia3
1975 2249 2106 2302 dicit
2132 2250 2275 2319 quod
2312 2249 2478 2303 habet

474 2338 650 2389 furcas
677 2337 821 2406 apud
846 2336 1118 2400 Flettona,
1146 2336 1242 2387 sed
1268 2334 1370 2386 alia
1389 2334 1664 2403 judicialia
1688 2353 1801 2386 non
1826 2334 2006 2387 habet.

551 2422 812 2476 Quesitus
853 2429 1034 2474 autem
1066 2421 1132 2473 de
1166 2420 1362 2490 quibus
1398 2420 1636 2473 articulis
1673 2420 1897 2491 inquirit
1933 2421 1990 2473 in
2021 2420 2142 2472 visu
2179 2439 2277 2472 suo
2294 2441 2309 2484 3
2350 2420 2481 2474 dicit

479 2508 624 2576 quod
661 2508 727 2558 de
768 2507 1022 2571 articuliS,
1074 2508 1140 2559 de
1185 2506 1381 2575 quibus
1431 2507 1732 2560 vicecomes
1794 2506 2019 2576 inquirit
2054 2505 2111 2557 in
2148 2514 2309 2558 turno
2360 2525 2477 2559 suc.

479 2593 555 2644 Et
581 2592 710 2644 dicit
736 2592 880 2660 quod
915 2591 1080 2643 habet
1114 2591 1419 2660 quindecim
1464 2592 1717 2660 capitales
1745 2591 2091 2643 decennarios
2128 2591 2185 2642 in
2222 2591 2478 2660 predictis

477 2677 637 2731 villis.
711 2677 862 2728 Dicit
911 2677 1072 2729 etiam
1118 2676 1263 2745 quod
1312 2676 1478 2728 nichil
1519 2676 1611 2728 dat
1655 2676 1876 2729 domino
1919 2676 2054 2744 Regi
2096 2694 2194 2745 pro
2234 2677 2476 2746 predicto

477 2763 599 2816 visu
645 2762 914 2815 habendo·
1007 2762 1083 2813 Et
1123 2761 1254 2813 dicit
1303 2761 1449 2830 quod
1507 2761 1758 2813 dominus
1811 2761 2081 2813 Henricus
2138 2762 2273 2826 Rex,
2325 2771 2479 2831 pater

479 2847 684 2900 domini
710 2847 873 2916 Regis
900 2847 991 2916 qui
1016 2866 1162 2900 nunc
1188 2854 1288 2912 est,
1315 2845 1583 2899 concessit
1608 2846 1729 2898 Deo
1756 2852 1811 2897 et
1834 2843 1994 2896 beato
2023 2845 2183 2897 Petro
2210 2852 2265 2897 et
2291 2855 2477 2900 sancto

479 2932 734 2986 Oswaldo
756 2933 897 3002 Regi
939 2940 994 2985 et
1039 2932 1254 2984 Martiri
1294 2939 1348 2984 et
1391 2930 1719 2984 monasterio
1758 2937 1814 2982 et
1851 2929 2032 2981 abbati
2070 2929 2136 2981 de
2181 2929 2383 2998 Burgo,
2422 2939 2477 2983 et

478 3017 732 3071 omnibus
777 3018 1177 3070 successoribus
1224 3017 1356 3083 suiS,
1400 3025 1455 3070 et
1498 3017 1741 3087 ejusdem
1790 3015 1895 3068 loci
1939 3015 2249 3079 conventui,
2299 3017 2481 3069 omnia

477 3111 786 3156 tenementa
830 3121 927 3155 sua
969 3103 1025 3155 in
1075 3103 1298 3155 liberam
1348 3111 1404 3155 ct
1445 3103 1763 3172 perpetuam
1822 3100 2190 3164 elemosinam,
2241 3107 2296 3152 et
2333 3102 2479 3171 quod

476 3188 712 3240 habeant
747 3188 1062 3240 teholneum
1100 3189 1245 3258 apud
1286 3188 1664 3253 Alwaltonam,
1705 3194 1760 3239 et
1785 3187 1930 3256 quod
1965 3185 2200 3238 habeant
2236 3186 2479 3239 francum

475 3274 714 3344 plegium
755 3274 813 3325 in
852 3274 1099 3327 custodia
1137 3292 1234 3325 sua
1269 3273 1326 3325 in
1353 3273 1606 3326 omnibus
1648 3272 1901 3325 dominiis
1929 3279 1984 3324 et
2020 3271 2317 3325 hundredis
2346 3272 2477 3336 suis,

477 3346 600 3413 cum
620 3359 767 3414 'soka'
805 3367 859 3413 et
897 3360 1046 3426 soka,
1073 3367 1128 3413 et
1164 3360 1242 3412 tol
1281 3367 1335 3412 et
1372 3359 1572 3424 theam,
1616 3358 2024 3428 infangenethef
2057 3366 2111 3411 et
2153 3358 2473 3427 utfangene-
