2774 3952
988 459 1340 496 cuaoNfflON
1375 460 1916 497 PETROBURGENSE.
2390 448 2455 496 81
2501 490 2505 494 .

455 587 624 657 gratia
666 595 721 639 et
765 586 914 637 omni
959 587 1075 655 ejus
1118 587 1347 639 comodo
1393 586 1464 638 sit
1506 605 1570 639 eo
1615 587 1735 656 ipso
1775 586 2054 655 privatus;
2094 584 2139 635 si
2187 602 2314 636 vero
2358 603 2454 654 per

457 672 786 742 superiorem
832 691 988 723 suum
1016 672 1271 725 canonice
1297 672 1538 724 monitus
1572 671 1629 723 in
1655 670 1936 734 beneficiO,
1963 670 2030 722 de
2057 688 2163 739 quo
2191 669 2293 721 sibi
2330 688 2455 738 pro*

453 758 631 810 visum
650 757 827 821 fuerit,
852 757 1161 827 neglexerit,
1181 764 1343 826 prout
1365 756 1537 825 ipsius
1557 754 1804 807 beneficii
1830 754 2058 823 qualitas
2087 772 2182 806 seu
2209 754 2453 807 condicio

453 843 619 914 exigit
643 843 894 907 residere,
918 842 1180 895 beneficio
1208 842 1284 894 sic
1321 848 1546 911 optento
1583 840 1840 910 privetur.
1919 840 2246 892 Mandatum
2272 848 2453 893 autem

453 937 700 980 nostrum
725 929 781 980 in
807 929 907 980 hac
931 935 1082 998 parte
1109 927 1285 979 taliter
1309 927 1601 996 adimplere
1627 945 1881 996 procures
1909 927 2053 996 quod
2079 926 2135 977 in
2160 945 2225 979 eo
2262 926 2454 995 inpen-

453 1013 598 1065 disse
616 1012 846 1065 lauderis
873 1012 1292 1064 misericordiam
1318 1020 1375 1064 et
1400 1010 1770 1064 obedienciam
1790 1010 2109 1063 mandatori.
2184 1011 2451 1063 Volumus

452 1106 633 1151 autem
677 1098 822 1168 quod
865 1115 1054 1150 omnes
1079 1098 1179 1149 alie
1217 1098 1395 1150 littere
1439 1117 1470 1150 a
1496 1098 1622 1151 sede
1662 1097 1957 1167 apostolica
1995 1097 2082 1149 vel
2121 1096 2237 1166 ejus
2277 1098 2451 1167 legato

453 1201 550 1235 seu
576 1182 903 1253 quibuslibet
926 1183 1043 1234 aliis
1070 1190 1312 1252 optente,
1338 1201 1550 1235 necnon
1578 1182 1916 1252 provisiones
1943 1190 1999 1234 et
2036 1182 2395 1252 obligaciones
2422 1202 2453 1234 a

450 1269 878 1338 quibuscumque
903 1269 1148 1339 personis
1187 1270 1326 1321 facte
1354 1287 1515 1339 super
1552 1269 1724 1338 ipsius
1768 1269 1946 1321 clerici
1986 1269 2296 1338 provisione
2341 1269 2451 1320 sint

450 1354 700 1420 invalide,
751 1355 1005 1424 omnique
1054 1363 1269 1407 careant
1331 1355 1604 1407 firmitate.
1705 1355 1990 1406 Presentes
2056 1372 2184 1406 vero
2247 1354 2453 1406 litteras

450 1441 670 1493 extendi
694 1441 945 1493 volumus
977 1441 1214 1508 (extendi
1250 1441 1523 1508 volumus)
1563 1439 1631 1492 ad
1655 1439 1935 1493 ecclesiam
1963 1439 2339 1504 cathedralem,
2376 1439 2453 1490 ita

449 1527 597 1595 quod
623 1526 689 1578 de
709 1525 1026 1578 canonicatu
1050 1526 1138 1578 vel
1161 1525 1434 1595 prebenda
1455 1543 1551 1577 seu
1570 1532 1864 1595 personatu
1884 1531 1978 1575 aut
2003 1523 2260 1593 dignitate
2278 1523 2452 1593 ipsius

451 1610 672 1663 ecclesie
697 1610 1006 1663 nullatenus
1032 1628 1220 1662 eorum
1245 1609 1564 1662 auctoritate
1582 1610 1760 1662 valeat
1783 1609 2074 1679 provideri,
2101 1609 2452 1662 decernentes

452 1696 499 1747 si
547 1713 700 1749 secus
751 1704 931 1748 actum
979 1696 1157 1760 fuerit,
1201 1696 1409 1748 irritum
1454 1704 1510 1749 et
1556 1696 1733 1749 inane.
1808 1696 2016 1748 Datum
2057 1695 2202 1765 apud
2243 1695 2452 1749 Urbem

450 1783 705 1835 Veterem
730 1781 825 1834 iiii.
849 1799 1021 1833 nonas
1046 1781 1085 1834 J
1088 1781 1199 1834 ulii.

526 1868 693 1921 Sexto
720 1885 890 1920 nonas
917 1866 1172 1919 Octobris
1199 1874 1540 1937 presentatus
1565 1867 1670 1919 fuit
1687 1867 1924 1920 Thomas
1952 1867 2018 1919 de
2039 1867 2250 1919 Deivile
2277 1866 2452 1936 capel-

451 1953 607 2005 lanus
651 1953 719 2005 ad
758 1952 1057 2005 Ecclesiam
1099 1953 1165 2005 de
1193 1953 1484 2023 Cloptona,
1519 1971 1622 2022 que
1660 1960 1793 2006 tunc
1835 1953 2046 2006 vacavit
2084 1971 2180 2022 per
2219 1960 2449 2004 mortem

451 2038 657 2091 domini
681 2039 718 2091 J
721 2037 949 2090 ohannis
984 2038 1051 2089 de
1079 2037 1457 2102 Camerwelle3
1497 2038 1592 2089 sed
1619 2037 1796 2089 dictus
1822 2037 2130 2089 Willelmus
2159 2037 2448 2106 Campium

449 2132 574 2176 ante
598 2123 769 2192 ipsius
795 2121 1259 2191 presentacionem
1285 2122 1520 2173 litteram
1549 2116 1701 2173 suain
1728 2122 2084 2190 provisoriam
2111 2130 2449 2190 prenotatam

450 2209 671 2262 domino
720 2207 976 2276 episcopo
1018 2207 1299 2259 Lincolnie
1347 2207 1605 2277 porrexit,
1650 2207 1742 2276 qui
1780 2208 1938 2276 juxta
1981 2215 2223 2259 tenorem
2273 2208 2445 2276 ipsius

450 2293 688 2346 mandati
713 2292 994 2362 apostolici
1020 2292 1086 2344 de
1111 2292 1223 2345 vita
1260 2301 1316 2345 et
1353 2293 1594 2345 moribus
1632 2293 1861 2362 predicti
1887 2293 2146 2345 Willelmi
2191 2293 2257 2345 de
2287 2293 2448 2345 Cam-

449 2380 579 2449 piun
607 2379 733 2432 fecit
757 2378 955 2447 inquiri
983 2378 1084 2430 sub
1110 2379 1211 2431 hac
1236 2379 1509 2431 forma:—

524 2464 775 2517 Oliverus
813 2464 1169 2534 permissione
1213 2464 1394 2516 divina
1431 2465 1714 2518 Lincolnie
1755 2465 2062 2535 episcopuS,
2087 2465 2278 2518 unicus
2319 2483 2447 2518 exe-

450 2558 605 2603 cutor
629 2548 869 2601 mandati
894 2548 1175 2618 apostolici
1211 2567 1310 2618 pro
1336 2549 1611 2602 Willelmo
1655 2550 1800 2602 dicto
1840 2549 2111 2619 Campiun
2138 2549 2203 2601 de
2232 2549 2449 2619 Irtling-

449 2634 600 2698 burc,
639 2650 874 2702 paupere
917 2632 1108 2684 clerico
1158 2640 1342 2685 nostre
1394 2633 1641 2699 diocesiS‚
1689 2633 1849 2686 nobis
1900 2634 2088 2687 directi
2138 2634 2447 2703 deputatuS,

450 2721 646 2773 dilecto
670 2720 727 2771 in
754 2718 974 2772 Christo
1000 2718 1110 2771 filio
1137 2719 1512 2772 archidiacono
1539 2720 1936 2773 Norhamtonie
1960 2721 2048 2773 vel
2074 2721 2190 2790 ejus
2217 2721 2448 2786 officiali,

450 2808 697 2871 salutem,
740 2805 964 2875 gratiam
990 2813 1046 2858 et
1087 2804 1539 2859 benedictionem.
1614 2807 1952 2860 Auctoritate
1993 2807 2232 2859 mandati
2273 2826 2449 2861 sacro-

452 2901 635 2946 sancte
671 2892 813 2944 sedis
857 2891 1151 2962 apostolice
1196 2891 1488 2961 supradicti
1514 2892 1658 2961 quod
1683 2893 1838 2944 vobis
1877 2911 1974 2961 per
2010 2893 2215 2945 dictum
2239 2893 2450 2945 Willel-

451 2995 600 3029 mum
627 2976 894 3028 mittimus
919 2975 1316 3045 inspiciendum
1341 2975 1607 3045 nobisque
1631 2994 1728 3046 per
1753 2977 1984 3029 eundem
2013 2976 2243 3028 fideliter
2267 2978 2449 3029 remit-

452 3062 696 3125 tendum,
744 3061 900 3114 vobis
943 3062 1266 3113 mandamus
1310 3060 1536 3112 firmiter
1577 3061 1943 3130 injungenteS,
1983 3061 2236 3131 quatinus
2288 3081 2450 3132 super

452 3146 580 3210 vita,
642 3145 901 3210 moribuS,
962 3144 1394 3209 conversacione,
1460 3146 1869 3199 condicionibus
1937 3155 1993 3200 et
2060 3148 2327 3199 natalibus
2389 3166 2450 3199 ac

453 3230 571 3280 aliis
609 3230 780 3298 ipsius
820 3231 1026 3283 meritis
1063 3249 1160 3300 per
1183 3230 1328 3283 viros
1354 3230 1655 3301 fidedignos
1682 3239 1737 3284 et
1773 3233 1983 3301 juratos
2022 3233 2265 3302 ejusdem
2308 3233 2449 3284 noti-

453 3315 590 3366 ciam
615 3333 726 3367 non
741 3324 851 3368 tam
871 3318 1132 3370 moderno
1152 3324 1395 3386 tempore
1422 3336 1583 3387 quam
1604 3325 1874 3371 transacto
1894 3319 2107 3388 plenius
2124 3318 2449 3387 optinenteS‚

454 3399 764 3468 diligentem
805 3400 1061 3455 facientes
1110 3402 1523 3471 inquisicionem
1573 3421 1634 3455 ac
1679 3404 1841 3456 etiam
1888 3411 2070 3456 utrum
2112 3403 2239 3453 alias
2291 3402 2452 3453 bene-

530 3500 718 3536 CAMD.
761 3501 886 3538 soc,
2118 3505 2162 3538 M
