2774 3952
40 1647 145 1698 (foc.
166 1649 254 1690 viii.
274 1652 351 1702 ro.)

35 2868 137 2919 (soc.
158 2869 246 2910 viii.
264 2868 343 2923 vo.)

1328 435 1659 472 APPENmX.
2319 423 2417 470 163
2474 480 2478 485 ι

413 562 546 600 reddit
570 561 629 601 .ii.
663 561 807 600 solidos
836 572 906 611 per
937 561 1279 600 consuetudinem.
1338 562 1391 600 Et
1422 562 1618 600 Radulfus
1644 562 1695 600 de
1725 561 1764 599 la
1792 561 1905 599 Mara
1937 560 2006 599 dat
2038 561 2108 599 .vi.
2142 561 2322 599 denarios
2350 573 2422 611 per

412 630 756 677 consuetudinem,
791 643 862 680 pro
883 631 950 669 .vi.
971 630 1085 669 aeris.
1145 630 1198 668 Et
1217 630 1394 668 Alfricus
1413 630 1454 669 .i.
1475 630 1697 677 denarium,
1718 634 1758 668 et
1775 629 2020 667 Theloneum
2050 628 2122 667 ,xl.
2151 628 2309 667 solidos.
2368 629 2421 668 Et

412 697 455 733 in
488 699 626 735 eadem
655 698 748 735 villa
774 702 868 735 sunt
896 710 973 736 .ιιν.
1001 698 1268 747 sochemanni,
1301 703 1341 737 et
1370 699 1435 737 isti
1462 698 1638 736 reddunt
1670 698 1754 736 .iiii.
1786 697 1930 735 solidos
1962 701 2002 735 et
2031 697 2073 735 .i.
2111 697 2334 739 denarium.
2367 697 2418 733 ad

414 763 472 802 .ii.
493 766 694 813 terminos,
710 770 749 803 et
770 778 848 804 .xv.
870 765 1036 814 gallinas
1062 771 1156 804 ante
1182 766 1340 814 Natale,
1361 772 1401 804 et
1428 778 1477 804 .c.
1505 778 1578 803 ova
1594 765 1646 803 ad
1666 765 1802 812 Pasca,
1829 770 1869 803 et
1886 766 1938 803 ad
1969 765 2112 803 festum
2145 763 2281 802 Sancti
2311 764 2419 802 Petri

411 831 481 869 .iii.
518 834 673 880 arietes,
703 838 742 872 et
773 834 813 873 .i.
834 834 1042 872 denarium
1070 835 1122 872 ad
1154 834 1384 882 aecclesiam,
1409 839 1449 872 et
1477 834 1533 873 .ii.
1554 838 1727 871 careatas
1759 834 1809 871 de
1832 835 1971 884 junco,
1991 837 2031 870 et
2054 833 2106 870 ad
2139 833 2350 881 coquinam
2374 832 2418 875 .i‚

411 904 607 937 careatam
637 901 751 950 ligni.
810 899 864 938 Et
891 900 956 938 isti
988 913 1170 939 carrucas
1197 913 1287 939 suas
1318 905 1380 939 ter
1411 901 1464 938 ad
1494 901 1720 950 hivernage,
1751 905 1791 939 et
1822 906 1883 939 ter
1903 901 1955 938 ad
1982 901 2154 939 tremeis.
2224 901 2278 938 Et
2309 900 2415 937 idem

413 979 493 1006 ,xv,
515 968 769 1006 sochemanni
787 968 934 1005 debent
952 964 1096 1003 falcare
1116 965 1159 1003 .i.
1180 965 1245 1002 die
1263 965 1314 1002 ad
1334 965 1546 1014 Depinges,
1566 969 1606 1003 et
1624 966 1817 1014 adparare
1835 966 1986 1023 fenum,
2006 972 2046 1004 et
2063 966 2251 1015 adjuvare
2269 966 2320 1002 ad
2341 965 2413 1001 du·

410 1035 598 1074 cendum.
630 1035 684 1073 Et
697 1035 739 1072 in
758 1032 1074 1084 Torgohtescroft
1092 1032 1239 1070 debent
1256 1033 1447 1082 adjuvare
1464 1032 1516 1069 ad
1536 1031 1770 1072 faciendum
1779 1025 1972 1081 mulluns',
1985 1038 2024 1071 et
2043 1034 2191 1071 debent
2208 1034 2414 1071 verberare

411 1102 454 1138 in
473 1102 598 1150 curia,
617 1102 737 1140 semel
756 1102 798 1139 in
816 1102 956 1150 hyeme
975 1105 1015 1139 et
1028 1101 1148 1138 semel
1167 1101 1210 1139 in
1230 1101 1544 1151 quadragesima,
1558 1107 1597 1138 et
1614 1101 1657 1139 .i.
1678 1101 1744 1139 die
1761 1102 1900 1140 hercer
1917 1103 1969 1139 ad
1983 1102 2220 1151 hyvernage,
2242 1106 2281 1139 et
2302 1102 2344 1139 .i.
2360 1101 2412 1137 ad

410 1169 582 1208 tremeis.
640 1169 694 1208 Et
711 1170 768 1207 ibi
781 1174 876 1207 sunt
897 1170 956 1208 .ιι.
979 1169 1139 1207 Radulfi
1158 1169 1229 1218 qui
1242 1173 1380 1207 tenent
1399 1169 1564 1207 liberam
1582 1173 1740 1216 terram,
1760 1169 1828 1206 sed
1847 1172 2034 1218 praestant
2053 1180 2235 1206 carrucas
2253 1180 2342 1205 suas
2359 1167 2411 1204 ad

410 1237 562 1286 curiam
591 1238 712 1275 semel
744 1237 796 1274 ad
815 1237 1052 1286 hyvemage,
1081 1241 1122 1275 et
1140 1237 1260 1274 semel
1277 1237 1329 1274 ad
1348 1237 1506 1274 tremeis
1523 1248 1594 1286 per
1611 1237 1954 1276 consuetudinem.
2013 1237 2066 1275 Et
2081 1237 2131 1274 de
2150 1248 2309 1285 quaque
2326 1247 2410 1273 car—

409 1315 506 1341 ruca
524 1305 702 1354 ejusdem
720 1305 823 1343 villae
844 1305 891 1344 .i.
910 1305 1119 1342 denarium
1146 1317 1236 1343 cere
1264 1305 1316 1342 ad
1348 1305 1501 1342 lumina
1532 1305 1716 1343 aecclesiae
1749 1305 1799 1342 de
1834 1305 1982 1343 Burch.
2042 1304 2096 1342 Et
2113 1303 2289 1342 aecclesia
2307 1302 2410 1340 villae

408 1372 541 1409 reddit
558 1377 780 1422 segrestano
797 1373 864 1411 .iii.
888 1372 1045 1411 solidos.
1102 1372 1153 1410 In
1167 1373 1277 1410 curia
1294 1377 1387 1410 sunt
1409 1373 1481 1411 .iii.
1498 1385 1670 1410 carrucae
1690 1373 1741 1410 de
1761 1373 1930 1411 ‚xxxiiii.
1951 1373 2091 1419 bobus,
2105 1376 2144 1409 et
2161 1371 2226 1410 .vi.
2246 1370 2409 1416 bovarii,

408 1442 447 1475 et
466 1440 740 1488 unusquisque
758 1451 895 1478 eorum
913 1444 1021 1478 tenet
1039 1440 1108 1478 .ix.
1128 1452 1251 1478 acras.
1310 1440 1364 1478 Et
1381 1453 1526 1478 uxores
1540 1438 1678 1478 eorum
1696 1445 1860 1479 ventant
1878 1440 2044 1478 bladum
2059 1440 2180 1477 curiae
2195 1451 2266 1488 per
2279 1442 2409 1476 totum

405 1517 572 1545 annum.
630 1507 724 1545 Tres
745 1508 788 1547 .i.
809 1508 887 1555 die,
906 1511 947 1545 et
964 1507 1034 1546 .iii.
1053 1508 1131 1545 alio
1159 1507 1237 1554 die,
1259 1512 1299 1546 et
1324 1512 1481 1546 metunt
1506 1508 1712 1546 dimidiam
1744 1520 1876 1546 acram
1904 1519 2145 1557 unaquaque
2174 1506 2406 1545 ebdomada.

407 1574 471 1611 Ibi
489 1581 582 1613 sunt
601 1575 674 1614 .ix.
694 1587 822 1613 vaccae
850 1579 890 1613 et
909 1574 995 1613 .ιιιι.
1014 1575 1142 1622 vituli,
1162 1579 1201 1613 et
1221 1575 1263 1614 .i.
1285 1582 1435 1623 taurus,
1455 1580 1495 1614 et
1515 1576 1586 1615 .ιιι.
1605 1577 1791 1613 animalia
1809 1576 1944 1622 otiosa,
1963 1580 2003 1614 et
2032 1575 2173 1614 dxxxi.
2201 1573 2312 1624 porci
2338 1573 2409 1611 .iii.

406 1642 552 1689 minus,
570 1647 610 1681 et
629 1643 674 1682 .i.
693 1642 908 1692 porcarius,
926 1642 997 1691 qui
1014 1646 1123 1680 tenet
1141 1643 1210 1682 .ix.
1230 1655 1353 1690 acras,
1378 1640 1386 1696 Ι
1410 1647 1450 1681 et
1471 1644 1514 1682 .i.
1534 1655 1646 1682 aura.
1702 1644 1768 1681 Ibi
1785 1648 1880 1681 sunt
1895 1644 1966 1682 .ιιι.
1979 1654 2093 1692 aeque
2107 1642 2299 1680 indomite
2317 1652 2410 1678 cum

404 1709 538 1758 pullis.

461 1777 513 1815 In
541 1777 677 1816 Castre
698 1777 784 1817 .iiii.
815 1777 922 1814 hidae
951 1780 991 1814 et
1023 1777 1190 1815 dimidia
1217 1777 1260 1815 in
1286 1778 1492 1826 domini03
1518 1779 1588 1817 sed
1622 1778 1758 1816 villani
1784 1778 2034 1827 adquietant.
2093 1778 2157 1815 Ibi
2183 1781 2278 1815 sunt
2304 1788 2410 1817 axv,

404 1845 515 1894 pleni
533 1846 682 1894 villani,
700 1850 740 1884 et
759 1846 849 1885 .iiii.
870 1845 1039 1893 dimidii,
1058 1850 1098 1884 et
1117 1846 1184 1885 .vi.
1205 1847 1396 1884 bordarii.
1453 1847 1569 1884 Pleni
1587 1847 1724 1884 villani
1743 1850 1959 1896 operantur
1979 1845 2050 1883 .iii.
2070 1844 2210 1882 diebus
2228 1845 2270 1881 in
2289 1845 2408 1882 ebdo-

404 1915 534 1953 mada.
589 1914 757 1952 Dimidii
774 1914 912 1952 villani
930 1918 1126 1963 quantum
1145 1914 1223 1952 illis
1240 1914 1451 1965 contingit.
1510 1915 1692 1953 Bordarii
1712 1914 1756 1953 .i.
1778 1914 1843 1951 die
1861 1914 1902 1951 in
1923 1913 2157 1951 ebdomada.
2203 1912 2255 1950 Et
2273 1923 2409 1949 omnes

403 1982 468 2019 isti
486 1982 623 2020 villani
640 1987 755 2020 arant
774 1982 912 2021 xxvii.
933 1993 1043 2019 acras
1059 1982 1112 2019 ad
1130 1982 1356 2031 hivernage,
1387 1986 1428 2020 et
1448 1982 1583 2021 .xxvii.
1602 1982 1653 2019 ad
1673 1981 1846 2020 tremeis.
1917 1980 1971 2017 Et
1989 1980 2054 2018 isti
2069 1980 2221 2017 faciunt
2241 1980 2284 2018 .i.
2304 1991 2406 2028 prae-

402 2049 600 2087 cationem
617 2049 669 2086 ad
688 2049 910 2098 hyvernage
929 2053 968 2086 et
986 2049 1105 2086 aliam
1116 2050 1168 2087 ad
1183 2051 1356 2088 tremeis.
1401 2050 1455 2088 Et
1473 2050 1748 2098 unusquisque
1764 2060 1900 2086 eorum
1913 2048 2030 2085 debet
2041 2048 2202 2085 hercere
2217 2048 2258 2086 .i.
2274 2059 2407 2085 acram

402 2116 455 2153 ad
473 2116 696 2165 hyvernage
715 2119 754 2153 et
771 2115 890 2152 aliam
908 2116 959 2152 ad
978 2117 1151 2163 tremeis‚
1173 2123 1213 2155 et
1230 2118 1430 2155 adducere
1451 2117 1494 2155 .i.
1516 2120 1712 2154 careatam
1730 2116 1830 2166 ligni
1847 2116 1899 2153 ad
1921 2116 2069 2154 Burch.
2127 2115 2180 2153 Et
2194 2116 2406 2164 unusquis—

403 2195 483 2231 que
502 2183 620 2221 debet
637 2187 785 2220 metere
803 2183 846 2219 in
860 2183 1045 2233 Augusto
1063 2184 1269 2221 dimidiam
1287 2197 1420 2223 acram
1433 2197 1505 2234 per
1522 2185 1863 2231 consuetudinem,
1876 2188 1915 2221 et
1929 2184 2104 2221 reddunt
2125 2195 2179 2222 .x.
2193 2183 2336 2221 solidos
2355 2184 2406 2220 ad

405 2250 561 2297 Natale,
588 2254 628 2288 et
649 2262 704 2288 .ιι.
725 2249 870 2287 solidos
893 2250 946 2287 ad
977 2250 1112 2298 Pasca,
1132 2255 1172 2289 et
1190 2251 1260 2289 .lx.
1281 2251 1424 2289 solidos
1456 2251 1506 2289 de
1538 2251 1792 2298 molendinis,
1814 2255 1853 2288 et
1872 2251 1924 2287 de
1942 2251 2098 2288 cotsetis
2117 2250 2184 2290 .vi.
2205 2250 2349 2288 solidos
2368 2255 2408 2291 et

407 2319 448 2357 .i.
468 2318 692 2364 denarium,
727 2322 767 2355 et
799 2318 850 2355 de
877 2318 1136 2357 locationibus
1168 2324 1366 2357 terrarum
1387 2333 1440 2358 Ν.
1461 2320 1606 2357 solidos
1636 2320 1679 2358 .i.
1699 2319 1862 2357 denario
1887 2319 2035 2357 minus.
2104 2319 2170 2356 Ad
2201 2320 2404 2358 caritatem

404 2385 542 2423 Sancti
562 2384 670 2422 Petri
691 2396 747 2422 .x.
767 2385 921 2432 arietes,
941 2389 980 2422 et
1000 2397 1084 2424 .ιιι.
1106 2386 1222 2423 ulnas
1231 2386 1368 2435 panni,
1386 2391 1424 2424 et
1441 2399 1495 2425 .x.
1512 2387 1652 2433 discos,
1670 2390 1709 2424 et
1727 2386 1777 2423 de
1791 2386 1903 2423 curia
1918 2397 2036 2423 .cccc.
2061 2397 2194 2434 panes.
2251 2385 2304 2425 Et
2317 2397 2404 2436 pre-

405 2455 503 2492 dicti
521 2453 657 2491 villani
669 2453 766 2491 dant
778 2454 828 2491 de
841 2454 1130 2492 consuetudine
1143 2454 1266 2493 ,xxix.
1280 2454 1451 2504 psallops
1464 2467 1587 2492 avene
1601 2459 1640 2492 et
1651 2455 1817 2493 totidem
1830 2466 1965 2504 panes,
1979 2459 2018 2492 et
2030 2455 2197 2495 totidem
2210 2454 2377 2504 gallinas
2396 2469 2408 2501 ;

403 2528 444 2562 et
466 2523 533 2562 .vi.
553 2523 727 2560 bordarii
741 2523 839 2560 dant
859 2523 924 2561 .vi.
940 2535 1075 2572 panes,
1095 2527 1134 2560 et
1153 2523 1220 2562 .vi.
1241 2523 1408 2573 gallinas
1427 2524 1478 2561 de
1495 2524 1783 2561 consuetudine
1801 2524 1852 2561 de
1869 2525 2002 2562 bosco.
2061 2523 2114 2561 Et
2133 2535 2180 2561 ex
2195 2523 2273 2560 alia
2293 2528 2406 2573 parte

403 2603 540 2629 omnes
557 2590 695 2627 villani
714 2594 753 2627 et
770 2589 944 2627 bordarii
962 2589 1138 2627 reddunt
1156 2590 1318 2627 domino
1335 2602 1469 2628 .xxxv.
1487 2590 1668 2640 gallinas,
1701 2594 1741 2628 et
1759 2590 1810 2628 ad
1827 2590 1951 2629 Pasoa
1968 2589 2078 2627 mille
2096 2602 2169 2627 ova
2187 2594 2227 2629 et
2247 2590 2318 2628 .ιιι.
2351 2590 2405 2629 Et

403 2659 460 2698 ibi
479 2664 536 2697 est
555 2659 676 2708 Hugo
693 2658 980 2696 sochemannus
1000 2658 1070 2707 qui
1094 2662 1203 2695 tenet
1221 2658 1428 2695 dimidiam
1459 2670 1620 2707 parvam
1651 2658 1816 2708 virgam,
1835 2662 1875 2698 et
1892 2662 2051 2707 praestat
2069 2670 2274 2696 carrucam
2292 2672 2405 2699 suam

401 2728 522 2766 semel
535 2728 586 2765 ad
605 2727 832 2776 hivernage,
853 2731 893 2764 et
910 2727 1030 2764 semel
1048 2727 1099 2763 ad
1118 2726 1289 2774 tremeis‚
1315 2730 1355 2764 et
1386 2727 1501 2764 metit
1530 2726 1738 2764 dimidiam
1769 2738 1903 2765 acram
1922 2727 1972 2765 de
1990 2727 2291 2765 consuetudine.
2350 2727 2404 2765 Et

401 2796 474 2835 .ιιι.
494 2795 563 2832 alii
581 2793 836 2832 sochemanni
853 2797 992 2831 tenent
1006 2793 1046 2830 .i.
1066 2793 1217 2831 hidam.
1288 2792 1381 2830 Duo
1400 2805 1538 2831 eorum
1563 2793 1715 2833 scilicet
1743 2793 1946 2832 Leofricus
1968 2797 2008 2830 et
2027 2792 2254 2830 Willelmus
2282 2805 2405 2843 nepos

400 2875 496 2901 suus
513 2865 671 2900 metunt
688 2861 760 2900 .iii.
780 2872 902 2908 acras,
921 2864 961 2898 et
974 2860 1122 2897 tercius
1139 2860 1290 2898 scilicet
1317 2859 1514 2898 Robertus
1534 2861 1741 2901 dimidiam
1759 2872 1891 2899 acram
1910 2860 1962 2899 de
1979 2861 2278 2899 consuetudine.
2306 2865 2314 2913 Ι
2338 2861 2402 2899 Ibi

400 2936 495 2970 sunt
515 2931 602 2970 .iiii.
623 2942 798 2968 carrucae
823 2930 873 2967 de
895 2929 1036 2968 .xxxii.
1056 2930 1184 2967 bobus
1216 2933 1255 2967 et
1276 2930 1373 2968 .viii.
1395 2930 1559 2977 bovinii,
1579 2930 1748 2979 quisque
1779 2933 1919 2968 tenens
1942 2940 1995 2969 .x.
2017 2941 2139 2975 acras,
2159 2934 2199 2967 et
2227 2930 2403 2967 reddunt

401 3000 497 3039 avi.
517 2999 683 3049 gallinas
701 3003 740 3036 et
760 2998 859 3037 .viii.
879 3009 1001 3047 panes
1018 2998 1069 3034 ad
1090 2997 1232 3036 Natale
1246 2998 1296 3036 de
1314 2998 1618 3037 consuetudine.
1676 2997 1730 3035 Et
1748 3009 1891 3035 uxores
1909 3009 2045 3035 eorum
2060 3003 2222 3036 ventant
2235 2998 2401 3038 bladum

399 3066 520 3104 curiae
539 3066 701 3115 quando
718 3065 950 3114 praepositus
968 3063 1183 3113 praecipiet,
1210 3069 1250 3103 et
1276 3069 1433 3103 metunt
1451 3065 1658 3103 dimidiam
1687 3076 1820 3102 acram
1853 3064 1895 3103 in
1914 3064 2148 3103 ebdomada.
2207 3064 2260 3102 Et
2278 3077 2399 3102 unus-

401 3133 571 3182 quisque
582 3132 765 3170 bovarius
778 3133 847 3170 dat
860 3133 904 3172 .i.
921 3132 1129 3170 denarium
1140 3143 1212 3180 pro
1226 3131 1354 3182 capite
1368 3143 1452 3178 suo,
1467 3132 1499 3168 si
1511 3131 1612 3169 liber
1626 3135 1698 3170 est.
1739 3130 1793 3170 Et
1806 3130 1839 3167 si
1852 3142 1986 3169 servus
2000 3135 2071 3177 est,
2086 3132 2207 3169 nichil
2224 3133 2304 3172 dat.
2347 3133 2400 3171 Et

402 3211 641 3248 unaqueque
659 3211 762 3238 uxor
779 3211 915 3238 eorum
934 3201 1003 3237 dat
1016 3199 1059 3238 .i.
1081 3199 1242 3238 obolum
1255 3211 1327 3249 pro
1346 3199 1475 3249 capite
1494 3211 1580 3238 suo.
1624 3198 1832 3246 Homines,
1852 3199 1923 3250 qui
1942 3199 2118 3236 serviunt
2136 3204 2246 3236 extra
2264 3200 2400 3239 domos

402 3272 561 3317 patrum
579 3279 752 3313 suorum,
767 3267 864 3305 dant
881 3280 953 3317 pro
967 3267 1095 3317 capite
1114 3280 1185 3306 suo
1203 3268 1479 3316 unusquisque
1501 3268 1541 3306 .i.
1561 3268 1784 3305 denarium.
1833 3267 1896 3304 Ibi
1915 3271 2009 3304 sunt
2031 3267 2088 3305 .ii.
2109 3279 2230 3313 aurae,
2253 3271 2292 3304 et
2313 3268 2397 3308 .vii.
2423 3248 2433 3262 ⁴

403 3347 544 3384 vaccae,
555 3339 596 3374 et
609 3335 652 3375 .i.
666 3339 817 3383 taurus,
824 3338 864 3373 et
876 3335 950 3375 .iii.
963 3335 1100 3385 vitelli,
1107 3340 1147 3375 et
1158 3337 1231 3394 .ιιι.ι
1240 3336 1427 3376 animalia
1441 3336 1580 3377 otiosa,
1611 3336 1664 3376 Et
1676 3336 1731 3376 ibi
1747 3336 1959 3383 vaccarius,
1971 3335 2042 3385 qui
2053 3338 2162 3374 tenet
2175 3335 2261 3374 .iiii.
2272 3346 2396 3383 acras,
