2774 3952
736 305 1090 341 ormomcors
1121 304 1667 340 PETROBURGENSE.
2105 293 2202 339 115

278 427 420 480 Item
447 428 576 481 dicti
601 428 782 483 ballivi
809 449 919 483 non
957 432 1278 500 permittunt
1314 430 1540 482 ballivos
1567 429 1775 481 abbatis
1802 429 1977 480 levare
2004 427 2203 497 aliquid

204 513 270 565 de
297 513 595 565 redditibus
621 516 803 567 assisis
831 534 935 586 que
961 516 1337 567 ad.dominum
1364 517 1568 584 Regem
1593 514 1884 583 pertinent,
1912 521 1973 564 ut
2000 513 2066 564 de
2094 530 2200 565 ser-

196 599 401 668 jantiis,
427 601 662 666 assartis,
690 602 863 654 warda
890 603 955 653 de
978 602 1336 670 Rokingham,
1354 600 1563 651 auxiliis
1581 599 1979 662 vicecomitum,
1998 598 2202 650 visibus

203 683 369 734 franci
396 684 572 753 plegii,
600 686 776 748 sectis,
803 693 858 737 et
882 685 997 736 aliis
1024 685 1091 736 ad
1118 685 1398 736 dominum
1427 685 1628 752 Regem
1657 682 2043 752 spectantibus.

0 789 80 830 iiii
102 791 178 845 vo.)
212 814 215 817 ,
272 768 489 838 [Super
524 770 798 838 premissis
847 770 1082 822 articulis
1121 768 1467 839 impetratum
1522 768 1626 821 fuit
1661 787 1850 821 versus
1900 767 2202 838 predictum

0 1458 93 1496 anci

0 1894 13 1918 1,
25 1886 150 1919 trans-

0 1948 75 1972 um

0 2041 107 2079 vetiti

0 2149 95 2198 regis

200 854 451 922 comitem
477 853 638 907 breve
665 855 765 907 sub
791 855 892 908 hac
915 856 1087 907 forma
1107 876 1196 908 :—

272 939 570 992 Edwardus
596 941 702 992 Dei
725 941 895 1010 gratia
929 948 1031 994 etc.
1057 940 1360 994 vicecomiti
1401 939 1798 992 Norhamtonie
1825 939 2069 990 salutem.
2146 937 2203 989 Si

199 1023 363 1076 abbas
390 1026 456 1077 de
483 1025 666 1095 Burgo
693 1026 1247 1078 sancti'Petri'fecerit
1283 1028 1338 1077 te
1365 1030 1614 1078 securum
1642 1026 1707 1077 de
1735 1024 1926 1077 clamio
1955 1042 2053 1076 suo
2079 1041 2203 1092 pro-

200 1111 506 1179 sequend03
547 1119 678 1164 tunc
714 1120 1054 1164 summonete
1079 1129 1177 1180 per
1201 1111 1376 1163 bonos
1422 1111 1843 1163 summonitores
1891 1109 2202 1162 G-ilbertum

199 1194 264 1247 de
311 1195 484 1261 Clare,
534 1196 789 1249 comitem
832 1197 1171 1250 Gloucestrie
1221 1204 1277 1249 et
1329 1197 1636 1261 Herfordie,
1690 1196 1842 1266 quod.
1895 1196 1966 1247 sit
2022 1200 2201 1248 comm

192 1280 501 1348 justiciariis
526 1281 728 1333 nostris>
753 1282 820 1333 ad
845 1282 1074 1351 primam
1100 1281 1342 1346 assisam,
1355 1300 1481 1334 cum
1507 1282 1564 1333 in
1589 1290 1769 1351 partes
1795 1281 1912 1332 illas
1938 1279 2201 1343 venerint,

198 1373 515 1416 ostensurus
567 1384 729 1434 quare
779 1384 902 1419 cum
951 1367 1096 1419 idem
1147 1366 1313 1419 abbas
1354 1366 1566 1418 racione
1617 1374 1741 1419 octo
1796 1365 2201 1417 hundredorum

199 1467 419 1501 suorum
446 1469 548 1519 que
572 1450 631 1502 in
668 1451 929 1503 comitatu
968 1453 1214 1521 ‘predicto
1242 1453 1307 1504 de
1333 1452 1492 1504 nobis
1537 1460 1690 1504 tenet
1720 1451 1778 1503 in
1807 1451 1999 1519 capite,
2025 1449 2202 1500 visum

196 1535 364 1588 franci
394 1537 591 1605 (plegii)
622 1537 688 1588 de
713 1537 1027 1589 hominibus
1068 1537 1296 1606 predicti
1334 1537 1548 1590 comitis
1576 1538 1643 1590 de
1673 1536 1912 1589 Bart'ona
1955 1535 2201 1598 Hanred,

198 1621 444 1673 Burtona
480 1622 638 1691 juxta
673 1622 988 1686 Craneford,
1027 1623 1327 1691 Tingdene,
1366 1622 1684 1687 Craneford,
1708 1623 2024 1692 Adingtona
2043 1622 2203 1690 juxta

201 1705 642 1774 Irtlingburgum,
697 1705 994 1758 Wodeford
1083 1707 1239 1775 juxta
1317 1707 1483 1776 Islep,
1559 1708 1824 1773 Lufwike,
1905 1705 2202 1770 Deneford,

197 1789 504 1853 Aldewicle,
546 1798 600 1843 et
655 1791 1006 1859 Trapestona,
1046 1791 1185 1843 infra
1226 1792 1504 1860 precinctu
1547 1793 1911 1861 predictorum
1966 1791 2203 1842 hundre-

200 1875 393 1927 dorum
454 1876 682 1944 predicti
744 1876 954 1930 abbatis
1017 1877 1497 1942 commorantibuS,
1563 1878 1727 1929 simul
1788 1896 1909 1930 cum
1975 1875 2203 1928 emenda

199 1960 684 2028 transgressionum
713 1979 807 2030 per
843 1962 992 2030 ipsos
1032 1962 1280 2014 homines
1325 1971 1512 2015 contra
1554 1963 1750 2015 assisas
1792 1962 1948 2032 panis
1992 1970 2048 2014 et
2090 1979 2202 2013 cer-

199 2042 333 2096 visie
381 2044 643 2095 factarum
691 2044 906 2109 habere,
969 2054 1025 2097 et
1084 2045 1343 2114 placitum
1392 2046 1545 2099 vetiti
1611 2047 1776 2098 namii
1837 2046 2201 2115 predictorum

199 2128 481 2180 hominum
530 2129 759 2198 predicti
801 2130 1013 2182 comitis
1056 2138 1239 2182 tenere
1279 2138 1334 2182 et
1375 2132 1646 2200 placitare,
1691 2132 1872 2184 debita
1909 2140 2095 2185 nostra
2135 2131 2204 2183 de

199 2211 403 2264 eisdem
428 2212 738 2265 hominibus
765 2232 862 2283 per
887 2214 1372 2266 summonicionem
1400 2216 1659 2269 Scaccarii
1698 2217 1871 2269 nostri
1913 2217 2107 2280 levare,
2148 2222 2203 2269 et

199 2297 547 2350 execuciones
586 2298 830 2351 brevium
872 2308 1183 2352 nostrorum
1226 2301 1398 2352 facere
1440 2301 1649 2366 debeat,
1691 2301 1830 2354 sicut
1873 2301 2094 2354 abbates
2135 2301 2202 2352 de

199 2382 382 2452 Burgo
409 2383 579 2436 sancti
607 2384 753 2436 Petri
777 2385 1182 2453 predecessores
1223 2386 1450 2454 predicti
1495 2386 1704 2438 abbatis
1748 2405 1846 2455 per
1884 2395 2056 2438 cartas
2082 2403 2203 2454 pre-

198 2468 541 2524 decessorum
566 2477 874 2523 nostrorum
901 2489 1086 2540 regum
1111 2472 1324 2540 Anglie,
1351 2491 1483 2542 quas
1508 2472 1651 2525 idem
1678 2472 1843 2526 abbas
1868 2472 1994 2525 inde
2019 2471 2203 2536 habet,

196 2553 508 2622 hujusmodi
557 2554 734 2606 visum
786 2563 840 2607 et
890 2557 1143 2608 emendas
1194 2557 1259 2609 de
1308 2557 1565 2627 predictis
1591 2558 1924 2611 hominibus
1973 2557 2202 2627 predicti

196 2638 407 2693 comitis
432 2639 646 2704 habere,
672 2640 852 2692 debita
876 2649 1062 2693 nostra
1085 2642 1277 2706 levare,
1294 2643 1644 2696 execuciones
1669 2644 1983 2713 hujusmodi
2008 2644 2200 2707 facere,

195 2723 391 2792 placita
428 2731 626 2787 tenere,
657 2733 711 2778 et
743 2727 998 2795 placitare
1043 2737 1471 2794 consueverunt3
1520 2729 1665 2781 idem
1710 2748 1891 2782 comes
1932 2730 2199 2799 prefatum

196 2807 464 2873 abbatem,
489 2808 668 2861 visum
702 2810 854 2862 illum
880 2819 935 2862 et
960 2812 1214 2864 emendas
1242 2812 1381 2864 sicut
1406 2830 1499 2864 eos
1539 2813 1753 2877 habere,
1793 2813 1975 2866 debita
2012 2823 2201 2867 nostra

195 2892 388 2958 levare,
413 2895 764 2948 execuciones
790 2897 1105 2966 hujusmodi
1130 2897 1320 2962 facere,
1347 2905 1403 2949 et
1426 2898 1623 2967 placita
1665 2898 1755 2950 illa
1780 2906 1962 2952 tenere
2006 2908 2061 2952 et
2085 2901 2201 2969 pla-

196 2977 358 3031 citare
384 2979 574 3046 debet3
618 2990 674 3034 et
698 2983 1104 3051 predecessores
1132 2982 1216 3034 sui
1241 2983 1418 3035 visum
1444 2984 1597 3036 illum
1623 2992 1679 3037 et
1704 2986 1957 3039 emendas
1983 2986 2198 3049 habere,

196 3061 377 3113 debita
410 3072 595 3117 nostra
618 3066 811 3130 levare,
837 3067 1186 3119 execuciones
1211 3068 1523 3137 hujusmodi
1560 3071 1750 3135 facere,
1795 3079 1850 3124 et
1891 3071 2086 3139 placita
2110 3071 2200 3122 illa

196 3154 379 3199 tenere
412 3155 468 3200 et
491 3150 744 3217 placitare
771 3161 1203 3217 consueverunt3
1243 3154 1458 3220 habere,
1484 3155 1677 3219 levare,
1703 3158 1892 3220 facere,
1918 3164 2117 3219 tenere,
2144 3164 2200 3207 et

195 3230 451 3299 placitare
492 3250 613 3293 non.
646 3235 912 3305 permittit
954 3237 1011 3305 in
1051 3237 1222 3306 ipsius
1266 3237 1476 3290 abbatis
1518 3248 1575 3292 et
1619 3240 1838 3292 ecclesie
1880 3257 1974 3291 sue
2017 3239 2202 3294 Sancti
