2774 3952
969 458 1326 495 cimonON
1356 457 1898 495 PETROBURGENSE.
2339 439 2441 500 137
2463 473 2468 477 -

439 586 573 650 thef,
625 585 885 652 blotwite,
934 586 1344 652 flemenefrithe,
1389 586 1556 651 ordel,
1605 585 1831 650 utlathe,
1875 590 1932 636 et
1979 599 2101 635 cum
2154 580 2333 633 duello
2382 581 2438 632 in

439 671 693 723 omnibus
730 672 1029 724 hundredis
1064 679 1120 724 et
1154 672 1213 723 in
1250 671 1504 725 omnibus
1538 670 1792 726 dominiis
1827 668 1958 722 suis,
2031 667 2109 719 Et
2151 666 2297 735 quod
2334 665 2439 735 ipsi

439 764 494 808 et
529 775 718 810 omnes
759 775 1091 810 successores
1128 775 1316 810 eorum
1347 757 1729 827 inperpetuum
1765 754 2000 807 habeant
2037 752 2224 805 catalla
2260 751 2441 821 fugiti-

439 860 630 894 vorum
651 850 706 895 et
726 859 1112 912 suspensorum
1133 856 1374 906 suorum,
1394 849 1449 894 et
1473 841 1886 894 amerciamenta
1911 857 2014 909 que
2040 855 2106 890 ex
2126 837 2359 889 murdris
2385 844 2441 889 et

440 928 556 979 aliis
581 927 932 980 forisfacturis
957 927 1243 980 hominum
1270 945 1491 980 suorum
1515 926 1860 995 proveniunt.
1935 925 2012 976 Et
2036 924 2182 994 quod
2204 923 2439 975 habeant

75 1029 415 1083 (fol.cxx2·iii.r0.)
440 1013 637 1083 placita
659 1014 814 1066 vetiti
837 1018 860 1080 l
899 1013 1065 1066 namii
1090 1014 1229 1065 infra
1254 1030 1443 1066 omnes
1479 1012 1756 1066 libertates
1792 1010 2154 1065 dominiorum
2199 1028 2437 1072 suorum,

71 1126 132 1164 De
148 1128 300 1166 eodem.

442 1117 565 1151 cum
591 1106 812 1151 returno
849 1097 1098 1151 brevium
1135 1097 1285 1169 ipsos
1324 1105 1382 1150 et
1422 1097 1699 1151 libertates
1741 1115 1864 1149 suas
1902 1094 2355 1165 contingencium,
2382 1102 2437 1146 et

442 1184 588 1254 quod
612 1183 849 1236 habeant
871 1183 930 1235 in
956 1182 1210 1236 omnibus
1231 1182 1486 1235 dominiis
1506 1189 1562 1235 et
1583 1181 1883 1234 hundredis
1911 1181 2022 1233 suis
2048 1180 2105 1232 in
2131 1181 2437 1250 cujuscum-

440 1288 545 1340 que
568 1269 764 1322 balliva
791 1269 901 1322 sint
926 1269 1179 1339 quicquid
1203 1267 1502 1322 vicecomes
1540 1268 1705 1320 habet
1747 1268 1803 1320 in
1833 1267 2115 1320 dominicis
2139 1266 2438 1319 hundredis

440 1355 647 1407 domini
672 1356 834 1426 Regis
851 1377 866 1420 3
885 1344 887 1347 ¹
906 1374 1067 1425 quam
1111 1355 1327 1425 quidem
1353 1362 1554 1407 cartam
1587 1354 1793 1424 profert
1817 1361 1873 1406 et
1898 1372 2001 1423 que
2026 1354 2132 1406 hoc
2159 1353 2304 1405 idem
2329 1360 2437 1404 tes-

438 1448 601 1494 tatur.
651 1443 857 1494 Datum
877 1460 973 1512 per
993 1460 1212 1494 manum
1228 1441 1400 1511 ipsius
1422 1436 1648 1494 Henrici
1670 1440 1834 1511 Regis
1861 1441 2006 1510 apud
2020 1440 2439 1504 windlesoram,

441 1527 533 1581 xii.
561 1528 646 1581 die
684 1528 722 1581 J
724 1528 855 1594 unii,
881 1547 1024 1580 anno
1049 1527 1199 1598 regni
1226 1527 1309 1580 sui
1345 1527 1546 1580 xxxvii.
1621 1526 1772 1579 Dicit
1796 1527 1958 1580 etiam
1996 1527 2141 1596 quod
2184 1525 2437 1578 dominus

446 1612 715 1665 Henricus
733 1614 850 1665 Rex
871 1612 1208 1681 supradictus
1229 1611 1496 1665 concessit
1520 1611 1695 1664 eidem
1716 1612 1899 1665 abbati
1919 1621 1975 1666 et
1992 1612 2271 1665 monachis
2292 1610 2440 1682 quod

443 1698 627 1752 ballivi
671 1698 754 1750 sui
779 1698 1034 1767 colligant
1072 1697 1251 1750 debita
1278 1696 1484 1749 domini
1510 1697 1673 1767 Regis
1716 1705 1772 1750 et
1812 1698 2074 1751 heredum
2119 1714 2341 1749 suorum
2381 1695 2439 1747 in

440 1783 694 1836 omnibus
722 1782 974 1835 dominiis
1002 1782 1131 1846 suiS,
1157 1789 1212 1834 et
1237 1783 1381 1851 quod
1418 1781 1544 1835 inde
1581 1783 1947 1853 respondeant
1983 1783 2050 1835 ad
2085 1781 2437 1836 Scaccarium.

441 1868 644 1920 Datum
671 1886 769 1938 per
793 1885 1014 1919 manum
1038 1866 1209 1935 ipsius
1236 1867 1398 1936 Regis
1424 1867 1569 1937 apud
1594 1868 2013 1933 Windlesoram,
2037 1867 2130 1920 xii.
2157 1868 2242 1920 die
2266 1867 2305 1920 J
2307 1866 2437 1931 unii,

440 1972 584 2007 anno
620 1954 771 2024 regni
809 1953 893 2005 sui
930 1953 1133 2005 xxxvii.
1160 1970 1320 2022 quam
1364 1952 1580 2022 quidem
1623 1961 1818 2005 cartam
1865 1955 2086 2023 profert,
2112 1959 2168 2005 et
2193 1970 2296 2022 que
2332 1952 2437 2004 hoc

439 2038 584 2091 idem
611 2046 857 2091 testatur.
933 2037 1084 2090 Dicit
1126 2037 1290 2090 etiam
1333 2038 1478 2107 quod
1521 2038 1774 2090 dominus
1818 2038 2088 2091 Henricus
2115 2039 2250 2102 Rex,
2283 2044 2436 2106 pater

442 2124 648 2176 domini
674 2125 837 2193 Regis
863 2141 1026 2188 nunc,
1065 2123 1334 2176 concessit
1359 2122 1540 2175 abbati
1565 2130 1620 2176 et
1645 2124 1936 2177 conventui
1962 2125 2028 2177 de
2054 2124 2238 2194 Burgo
2265 2122 2436 2176 sancti

443 2209 588 2262 Petri
614 2209 759 2278 quod
783 2208 1017 2261 habeant
1040 2226 1211 2260 unum
1249 2215 1542 2260 mercatum
1569 2208 1791 2279 singulis
1831 2209 2144 2278 septimanis
2170 2227 2270 2279 per
2292 2208 2435 2261 diem

442 2295 668 2348 Veneris
694 2294 839 2364 apud
865 2292 1163 2346 manerium
1190 2311 1349 2345 suum
1388 2293 1455 2346 de
1480 2294 1786 2347 Alwoltona
1808 2295 1866 2347 in
1893 2295 2151 2347 comitatu
2178 2295 2433 2348 Hunten-

440 2381 619 2446 donie,
644 2380 751 2432 nisi
775 2387 1068 2432 mercatum
1107 2386 1209 2433 etc.
1283 2380 1491 2432 Datum
1524 2398 1622 2450 per
1658 2400 1879 2434 manum
1904 2382 2074 2451 ipsius
2102 2381 2263 2451 Regis
2289 2381 2435 2451 apud

441 2467 685 2537 Burgum
726 2465 898 2518 sancti
924 2465 1088 2530 Petri,
1111 2464 1204 2517 vii.
1231 2465 1316 2518 die
1341 2466 1594 2535 Augusti,
1640 2486 1782 2520 anno
1820 2468 1970 2538 regni
2008 2467 2094 2520 sui
2116 2467 2193 2521 lii.
2267 2467 2431 2521 Unde

439 2552 571 2605 dicit
620 2552 771 2622 quod
811 2569 908 2621 per
949 2551 1217 2620 predictas
1257 2558 1431 2604 cartas
1473 2553 1668 2605 clamat
1710 2553 1906 2607 habere
1955 2554 2223 2624 predictas
2271 2553 2433 2606 liber-

437 2644 596 2702 tateS,
622 2645 677 2690 et
702 2637 945 2708 quesitus
971 2637 1276 2707 cujusmodi
1305 2638 1581 2691 teloneum
1608 2639 1752 2709 capit
1777 2647 1832 2692 et
1857 2640 1923 2693 de
1960 2640 2156 2711 quibus
2189 2658 2432 2693 mercan-

438 2722 571 2776 disis
591 2744 607 2788 3
665 2723 796 2776 dicit
821 2723 965 2793 quod
993 2724 1060 2776 de
1084 2723 1211 2776 navi
1248 2722 1450 2776 ibidem
1492 2725 1732 2778 venienti
1771 2726 1858 2778 vel
1883 2726 2184 2780 transeunti
2210 2727 2277 2779 de
2303 2745 2434 2797 qua-

438 2827 668 2880 cumque
693 2809 1028 2862 mercandisa
1054 2808 1125 2861 sit
1150 2816 1373 2875 carcata,
1401 2810 1604 2863 scilicet
1628 2812 1694 2864 de
1719 2831 1913 2882 magna
1938 2812 2062 2866 navi
2089 2813 2159 2866 .ii.
2186 2813 2438 2865 denarios-

438 2902 494 2947 et
519 2896 585 2948 de
604 2895 800 2948 minori
822 2895 873 2948 .i.
890 2895 1186 2959 denarium,
1212 2902 1267 2948 et
1292 2894 1358 2948 de
1384 2914 1550 2965 parvo
1575 2895 1792 2962 batello,
1811 2904 1914 2950 etc.
1941 2897 2178 2950 obolum.
2255 2897 2364 2951 Sed
2390 2898 2436 2950 si

438 2988 592 3049 petra
617 2999 714 3034 seu
737 2981 1070 3034 mercandisa
1095 2980 1271 3050 aliqua
1305 2980 1595 3034 discarcata
1618 2982 1781 3034 fuerit
1807 3001 1970 3053 super
2007 2984 2182 3036 solum
2206 2984 2435 3054 predicti

439 3064 668 3131 abbatis,
687 3066 831 3136 capit
854 3066 1140 3137 aliquando
1165 3066 1306 3136 plus,
1333 3066 1619 3136 aliquando
1643 3067 1846 3133 minuS,
1872 3076 1928 3122 et
1951 3069 2055 3122 hoc
2079 3087 2181 3139 per
2201 3087 2435 3122 conven-

442 3150 652 3202 cionem
679 3151 823 3204 inter
843 3160 1065 3205 nautam
1091 3160 1146 3205 et
1169 3151 1428 3204 ballivum
1454 3152 1681 3218 abbatis,
1721 3162 1776 3206 et
1813 3155 1918 3207 hoc
1955 3156 2176 3208 nomine
2217 3155 2435 3225 cayagii.

443 3235 520 3287 Et
555 3235 839 3289 duodecim
864 3256 1030 3307 super
1065 3238 1170 3290 hoc
1195 3237 1455 3307 requisiti,
1494 3238 1598 3291 hoc
1622 3238 1766 3292 idem
1804 3248 2089 3294 testantur.
2163 3241 2238 3292 Et
2275 3258 2437 3309 super

442 3319 545 3371 hoc
571 3320 729 3371 datus
754 3327 839 3372 est
862 3321 911 3373 ei
937 3321 1051 3374 dies
1076 3341 1255 3375 coram
1280 3323 1611 3375 thesaurario
1638 3331 1692 3376 et
1716 3323 2010 3376 baronibus
2050 3325 2116 3376 de
2143 3323 2436 3389 ScaccariO,

442 3405 498 3456 in
524 3404 756 3457 crastino
776 3406 946 3458 sancti
970 3407 1204 3473 Andree,
1230 3415 1293 3461 ut
1317 3415 1448 3460 tunc
1472 3408 1668 3460 habeat
1694 3409 1767 3460 ibi
1795 3417 1965 3461 cartas
1994 3428 2136 3473 suas,
2162 3417 2217 3461 et
2241 3409 2315 3460 ibi
2342 3427 2445 3478 per

521 3508 713 3543 CAMD.
743 3507 866 3543 soc,
2118 3513 2152 3546 rr
