2774 3952
126 3049 226 3102 (fol.
246 3058 330 3087 cxx.
351 3045 428 3096 νο.)

460 418 563 464 130
987 427 1343 464 οΗΒοΝιοοΝ
1372 427 1915 464 PETROBURGENSE.

460 553 730 606 Henricus
770 552 912 605 filius
938 552 1199 605 Willelmi
1241 554 1307 606 de
1332 553 1624 606 Amewelle
1661 552 1880 621 injuste,
1906 557 2007 604 etc.
2035 550 2458 604 dissaisiaverint

459 639 498 692 J
500 639 769 691 ohannem
808 638 874 689 de
920 636 1242 707 Ryseberwe
1286 655 1575 706 personam
1620 636 1844 689 ecclesie
1871 637 1937 688 de
1962 637 2266 706 Tynewelle
2300 637 2459 706 juxta

464 723 805 787 Staunforde,
831 729 957 791 post
981 723 1275 790 predictam
1302 731 1405 776 etc.
1473 724 1549 775 Et
1573 724 1718 775 unde
1746 722 1986 792 queritur
2020 721 2166 790 quod
2191 721 2460 773 dissaisia-

463 814 660 860 verunt
685 825 810 859 eum
848 806 915 857 de
940 824 1048 857 una
1073 807 1238 875 platia
1274 814 1413 860 terre
1452 826 1555 876 que
1591 808 1833 860 continet
1871 806 2043 858 sexies
2069 804 2260 874 viginti
2295 805 2461 873 pedes

464 899 603 944 terre
628 896 685 942 in
709 890 1064 959 longitudine,
1091 899 1146 943 et
1172 891 1305 943 duas
1331 892 1497 960 pedes
1523 899 1663 944 terre
1689 900 1745 944 et
1770 890 2048 942 dimidiam
2073 889 2131 940 in
2157 888 2462 954 latitudine,

467 996 590 1030 cum
615 975 981 1045 pertinenciiS,
1006 984 1108 1028 etc.
1184 977 1260 1028 Et
1285 976 1451 1028 abbas
1477 995 1574 1046 per
1604 977 1877 1047 Rogerum
1905 976 1972 1029 de
2005 976 2180 1027 Merle
2205 974 2463 1026 ballivum

468 1081 626 1114 suum
661 1061 982 1112 attachiatus
1010 1069 1065 1113 et
1092 1061 1363 1114 Henricus
1389 1071 1671 1115 venerunt.
1746 1063 1823 1115 Et
1849 1062 2121 1114 Henricus
2149 1060 2295 1125 dicit,
2320 1060 2468 1129 quod

465 1149 583 1218 ipse
607 1146 773 1199 nichil
797 1146 962 1198 habet
986 1165 1086 1198 nec
1113 1147 1313 1215 aliquid
1350 1148 1601 1200 clamium
1639 1149 1695 1201 in
1722 1149 1965 1219 predicto
2007 1154 2337 1212 tenemento,
2367 1164 2468 1198 nec

468 1232 700 1301 aliquam
725 1230 976 1299 injuriam
1001 1230 1146 1295 fecit,
1184 1238 1240 1282 et
1266 1231 1332 1282 de
1358 1232 1461 1284 hoc
1486 1233 1644 1301 ponit
1671 1252 1727 1286 se
1756 1251 1918 1303 super
1942 1232 2187 1296 assisam,
2214 1238 2316 1284 etc.
2391 1231 2468 1282 Et

470 1317 636 1369 abbas
662 1334 757 1385 per
793 1314 1096 1385 predictum
1133 1315 1391 1368 ballivum
1431 1336 1590 1369 suum
1618 1319 1763 1385 dicit,
1791 1319 1937 1388 quod
1970 1318 2087 1387 ipse
2112 1317 2239 1368 inde
2265 1316 2467 1368 nullam

470 1403 721 1472 injuriam
763 1401 907 1453 fecit.
999 1401 1150 1453 Dicit
1193 1402 1338 1453 enim
1382 1404 1529 1472 quod
1577 1405 1693 1473 ipse
1744 1403 1953 1456 invenit
1996 1402 2275 1455 ecclesiam
2316 1420 2469 1453 suam

474 1489 729 1559 seysitam
756 1489 821 1539 de
846 1486 1088 1556 predicta
1112 1487 1277 1556 platia
1307 1496 1463 1553 terre,
1491 1489 1576 1542 die
1603 1509 1710 1560 quo
1737 1497 1947 1542 creatus
1980 1488 2086 1540 fuit
2111 1488 2167 1540 in
2202 1487 2470 1550 abbatem,

473 1582 529 1626 et
554 1574 669 1643 ipse
695 1580 750 1624 et
775 1590 962 1624 omnes
989 1573 1393 1641 predecessores
1434 1574 1518 1625 sui
1550 1576 1847 1644 predictam
1886 1574 2107 1643 platiam
2146 1573 2470 1636 habuerunt,

474 1666 731 1726 tanquam
756 1656 1090 1725 adjacentem
1129 1665 1185 1709 et
1221 1657 1582 1726 pertinentem
1609 1659 1894 1711 dominicis
1921 1659 2076 1710 terris
2113 1658 2224 1709 suis
2250 1658 2471 1722 ibidem,

476 1752 532 1796 et
571 1744 637 1794 de
685 1742 953 1811 herbagiis
1005 1750 1059 1794 et
1103 1743 1170 1795 de
1219 1743 1336 1794 aliis
1376 1743 1432 1794 in
1477 1745 1718 1815 predicta
1760 1744 1926 1814 platia
1970 1743 2333 1796 crescentibus
2373 1762 2471 1812 pro

475 1830 753 1882 voluntate
797 1846 894 1879 sua
937 1827 1222 1896 disposuit,
1267 1827 1469 1896 absque
1518 1829 1622 1881 hoc
1667 1830 1811 1898 quod
1872 1828 2146 1898 predictus
2192 1828 2229 1880 J
2232 1829 2472 1880 ohannes

475 1914 670 1966 fuisset
694 1913 820 1964 inde
848 1912 1100 1981 seysituS,
1124 1911 1199 1963 ita
1225 1913 1371 1980 quod
1395 1913 1577 1981 potuit
1612 1913 1738 1965 inde
1765 1912 2071 1964 dissaisiari.
2152 1911 2225 1964 Et
2262 1913 2328 1964 de
2366 1914 2471 1966 hoc

475 1998 632 2069 ponit
658 2016 714 2050 se
741 2014 905 2066 super
939 1996 1180 2058 assisam,
1210 2003 1310 2049 etc.
1386 1998 1462 2048 Et
1507 1997 1780 2067 predictus
1824 1998 2105 2050 Johannes
2145 1997 2291 2058 dicit,
2330 1999 2474 2067 quod

474 2085 715 2155 predicta
757 2082 924 2152 platia
960 2082 1106 2150 jacet
1143 2082 1434 2134 lateraliter
1470 2083 1629 2152 juxta
1672 2100 1889 2133 murum
1933 2081 2192 2150 mesuagii
2237 2082 2339 2146 sui,
2375 2100 2478 2152 que

477 2171 698 2223 dimissa
722 2168 826 2220 fuit
865 2175 1016 2219 extra
1054 2167 1287 2219 eundem
1329 2186 1546 2220 murum
1584 2169 1651 2220 ad
1693 2168 2086 2237 reparationem
2131 2175 2186 2219 et
2229 2169 2479 2220 emenda-

476 2257 680 2309 tionem
708 2253 968 2323 mesuagii
995 2253 1077 2305 sui
1102 2253 1346 2323 predicti,
1372 2261 1428 2307 et
1454 2254 1530 2306 sic
1564 2254 1668 2306 fuit
1702 2254 1829 2307 inde
1862 2254 1919 2306 in
1962 2253 2175 2324 seysina
2200 2272 2479 2324 quousque

478 2340 707 2412 predicti
732 2339 898 2392 abbas
925 2347 980 2391 et
1008 2339 1280 2391 Henricus
1305 2339 1488 2409 ipsum
1514 2339 1640 2391 inde
1665 2339 1885 2409 injuste,
1902 2347 2004 2392 etc.
2023 2340 2479 2406 dissaisiaverunt,

481 2434 537 2478 et
559 2427 664 2478 hoc
689 2425 826 2494 petit
851 2425 998 2493 quod
1021 2424 1321 2493 inquiretur
1345 2443 1442 2494 per
1467 2426 1710 2490 assisam,
1737 2433 1839 2478 etc.

554 2512 592 2564 J
594 2511 734 2562 urati
751 2511 939 2562 dicunt
965 2528 1126 2579 super
1147 2518 1540 2562 sacramentum
1559 2530 1717 2563 suum
1744 2512 1890 2580 quod
1909 2511 2183 2581 predictus
2199 2512 2238 2564 J
2240 2513 2482 2564 ohannes

482 2614 759 2665 nunquam
786 2595 890 2646 fuit
914 2595 971 2645 in
1000 2595 1212 2664 seysina
1239 2596 1304 2647 de
1330 2596 1572 2664 predicto
1599 2604 1931 2661 tenemento,
1958 2605 2020 2648 ut
2046 2598 2112 2649 de
2137 2597 2305 2650 libero
2332 2605 2481 2650 tene-

483 2688 669 2732 mento
708 2696 824 2742 suo,
850 2677 925 2729 ita
951 2678 1097 2746 quod
1139 2678 1318 2746 potuit
1360 2678 1487 2730 inde
1523 2679 1829 2731 dissaisiari.
1907 2681 2038 2731 Ideo
2084 2681 2481 2732 consideratum

485 2773 569 2818 est
594 2764 738 2834 quod
783 2763 1010 2832 predicti
1050 2763 1216 2815 abbas
1257 2770 1312 2815 et
1357 2763 1628 2815 Henricus
1672 2764 1799 2815 inde
1845 2764 1955 2816 sint
1987 2765 2103 2816 sine
2130 2765 2234 2830 die,
2265 2772 2320 2817 et
2362 2784 2483 2834 pre-

487 2849 663 2901 dictus
688 2848 726 2901 J
729 2849 969 2901 ohannes
995 2847 1163 2900 nichil
1187 2847 1362 2917 capiat
1386 2865 1484 2917 per
1508 2847 1732 2900 assisam
1757 2847 1935 2911 istam,
1963 2848 2058 2899 sed
2097 2848 2167 2900 sit
2195 2848 2253 2900 in
2278 2849 2485 2902 miseri-

489 2935 668 2989 cordia
691 2953 790 3003 pro
815 2934 950 2986 falso
977 2933 1189 2998 clamiO,
1214 2940 1317 2985 etc.

561 3025 583 3087 l
593 3020 755 3073 Carta
774 3019 982 3071 domini
999 3018 1229 3072 Galfridi
1246 3018 1312 3071 de
1331 3018 1383 3069 la
1399 3018 1554 3070 Mare
1573 3035 1671 3088 per
1689 3037 1850 3088 quam
1865 3018 2004 3088 petit
2022 3018 2487 3072 Constabulariam

491 3105 677 3175 Burgi.

565 3191 751 3244 Sciant
769 3207 959 3243 omnes
979 3189 1043 3241 ad
1068 3207 1202 3258 quos
1228 3189 1405 3242 littere
1424 3189 1528 3241 iste
1546 3188 1902 3258 pervenerint,
1925 3189 2065 3258 quod
2089 3207 2186 3259 ego
2207 3189 2245 3242 J
2248 3190 2488 3244 ohannes

492 3277 657 3329 abbas
699 3275 766 3328 de
813 3273 996 3343 Burgo
1040 3281 1096 3325 et
1129 3281 1278 3325 totus
1319 3281 1502 3326 nostre
1537 3273 1759 3326 ecclesie
1796 3274 2112 3326 Conventus
2148 3275 2393 3327 dedimus
2434 3283 2489 3327 et

493 3362 720 3415 firmiter
745 3358 1109 3414 concessimus
1138 3359 1424 3429 Radulpho
1452 3360 1518 3412 de
1543 3360 1595 3411 la
1614 3360 1769 3412 Mare
1793 3360 2488 3416 hereditariumconstabu·

496 3450 665 3501 latum
691 3447 859 3501 totius
885 3445 1102 3498 abbacie
1123 3446 1290 3515 Burgi
1315 3454 1370 3498 et
1393 3445 1680 3499 heredibus
1708 3445 1818 3498 suis
1844 3446 2242 3517 imperpetuum
2280 3453 2336 3499 et
2361 3464 2489 3498 con-
