2774 3952
61 600 162 654 (foc.
177 599 276 640 xvii.
296 601 373 652 vo.)

58 1540 161 1590 (soz.
176 1542 291 1582 xviii.
306 1544 383 1595 ro.)

1267 470 1596 508 APPEme.
2167 526 2171 528 ῃ
2337 459 2437 521 175
2482 486 2487 491 ·

451 591 459 647 Ι
483 593 658 632 Ansford
679 594 752 633 .iii.
773 599 977 634 carucatas
995 599 1036 634 et
1053 597 1173 636 servit
1189 610 1262 647 pro
1281 599 1449 638 dimidia
1466 600 1576 639 hida.

482 662 678 700 Robertus
711 663 761 700 de
792 662 981 713 Guneges
1001 665 1072 703 .ix.
1104 671 1328 704 carrucatas
1355 667 1398 704 in
1430 668 1739 714 Lincolnescira,
1760 672 1800 706 et
1829 668 1948 706 servit
1976 679 2049 718 pro
2083 667 2157 707 .iii.
2187 668 2305 717 hidis,
2331 676 2370 708 et
2395 670 2438 707 in

427 729 731 768 Hamtonascira
751 731 808 769 .ii.
828 737 960 781 partes
978 733 1154 771 dimidiae
1173 734 1311 783 virgoe,
1333 739 1372 773 et
1389 736 1507 774 servit
1525 748 1597 784 pro
1619 736 1676 774 .ii.
1698 736 1906 774 militibus.

480 799 641 836 Picotus
658 799 764 836 filius
783 799 985 837 Colsuaini
1002 801 1123 839 habet
1148 802 1355 840 dimidiam
1382 809 1628 841 carrucatam
1656 804 1698 840 in
1730 804 1868 850 Rison,
1890 816 2011 852 quam
2042 806 2164 842 abbas
2196 805 2308 842 dedit
2336 806 2439 854 patri
2484 854 2492 861 ·

426 878 496 903 suo
514 867 585 904 tali
603 868 766 905 servicio
785 868 892 916 quod
911 872 1011 906 esset
1027 869 1080 906 ad
1098 869 1245 918 placita
1260 870 1415 908 abbatis
1434 874 1473 908 et
1491 874 1770 908 manuteneret
1796 882 1859 908 res
1885 882 1976 908 suas
2003 876 2043 909 et
2069 871 2250 909 homines
2276 885 2367 911 suos
2395 874 2437 910 in

426 935 528 972 scira
547 940 586 973 et
604 937 646 973 in
664 937 752 974 aliis
770 936 879 975 locis.

481 1002 710 1040 Willelmus
729 1003 779 1040 de
798 1003 873 1041 Eia
894 1003 936 1041 .i.
958 1004 1123 1053 virgam,
1143 1008 1182 1042 et
1200 1005 1318 1042 servit
1336 1017 1429 1042 cum
1447 1005 1656 1044 militibus.

482 1071 710 1110 Rodbertus
728 1073 832 1110 filius
851 1073 1013 1110 Ricardi
1034 1073 1120 1111 .iiii.
1141 1073 1255 1111 hidas
1274 1074 1316 1110 in
1336 1073 1653 1121 Hamtonascira,
1674 1079 1713 1112 et
1731 1075 1825 1113 inde
1845 1076 1962 1114 servit
1981 1089 2021 1114 se
2040 1077 2164 1115 altero
2182 1078 2323 1116 milite.

483 1139 681 1178 Ricardus
706 1141 811 1178 filius
830 1141 1014 1191 Hugonis
1036 1142 1118 1180 .vii.
1139 1142 1253 1180 hidas
1282 1147 1322 1180 et
1352 1143 1423 1181 .iii.
1457 1143 1582 1193 virgas
1614 1144 1656 1181 in
1691 1143 2005 1190 Hamtonasoira,
2027 1150 2066 1183 et
2098 1146 2215 1183 servit
2244 1158 2285 1183 se
2314 1146 2436 1184 tercio

427 1209 570 1246 milite.

482 1276 679 1314 Wimund
718 1276 774 1314 .ii.
805 1276 919 1314 hidas
951 1281 990 1314 et
1025 1277 1068 1315 .i.
1104 1277 1256 1327 virgam
1284 1277 1327 1314 in
1361 1277 1678 1326 Hamtonascira,
1713 1284 1753 1317 et
1779 1280 2048 1318 calumniatur
2079 1281 2120 1317 in
2150 1281 2358 1319 Ailintona
2390 1281 2434 1320 .i.

426 1344 563 1381 hidam
582 1349 620 1381 et
639 1344 846 1381 dimidiam
864 1335 914 1382 de
932 1357 1065 1391 soona,
1086 1349 1125 1382 et
1143 1345 1262 1382 servit
1279 1349 1412 1383 tamen
1431 1358 1503 1394 pro
1521 1346 1661 1384 milite.

481 1412 672 1450 Vivienus
702 1413 744 1450 .i.
775 1413 912 1449 hidam
940 1413 982 1449 in
1014 1413 1317 1450 Hamtonasoira
1344 1417 1384 1450 et
1413 1413 1680 1450 calumniatur
1710 1414 1796 1452 .iiii.
1818 1418 1971 1463 partem
1993 1415 2036 1453 .i.
2057 1415 2152 1452 hide
2171 1422 2210 1453 et
2227 1416 2345 1454 servit
2363 1414 2436 1466 [iro

425 1481 551 1518 milite
568 1493 661 1518 cum
677 1480 839 1526 auxilio,
859 1484 898 1518 et
915 1480 984 1517 illa
1005 1480 1092 1518 .iiii.
1114 1492 1204 1528 pars
1222 1480 1414 1517 reddebat
1433 1480 1475 1517 in
1494 1493 1600 1518 anno
1623 1494 1709 1519 .xx.
1731 1482 1890 1519 solidos.

448 1545 455 1600 Ι
482 1549 679 1586 Radulfus
707 1549 757 1586 de
781 1548 820 1585 N
823 1548 936 1586 evila.
958 1560 999 1586 x.
1020 1552 1243 1586 carrucatas
1270 1549 1313 1585 in
1342 1549 1636 1586 Lincolnescira
1665 1554 1705 1587 et
1731 1550 1773 1588 .i.
1795 1550 1932 1587 hidam
1952 1555 1991 1588 et
2010 1551 2217 1588 dimidiam
2235 1552 2278 1588 in
2307 1552 2432 1589 Ham-

423 1617 622 1655 tonascira
641 1621 680 1654 et
698 1617 818 1654 servit
835 1629 876 1654 se
894 1617 1017 1654 tercio
1035 1616 1175 1654 milite.

477 1685 600 1734 Hugo
633 1685 788 1722 Olifard
822 1686 872 1722 de
904 1685 1047 1722 Stokes
1074 1685 1146 1722 .iii.
1178 1685 1307 1734 virgas
1340 1689 1379 1722 et
1413 1685 1485 1722 .iii.
1516 1689 1670 1734 partem
1697 1685 1740 1723 .i.
1762 1685 1897 1735 virgae,
1917 1690 1957 1723 et
1984 1687 2102 1725 servit
2128 1699 2201 1736 pro
2232 1687 2359 1726 milite
2389 1689 2432 1726 in

421 1754 598 1791 exercitu
618 1757 657 1790 et
676 1753 718 1789 in
738 1753 887 1799 warda,
909 1756 948 1789 et
967 1752 1009 1788 in
1028 1753 1265 1799 ostensione,
1287 1765 1380 1789 cum
1399 1752 1578 1790 corredio
1596 1753 1762 1791 abbatis.

475 1821 612 1858 Abbas
630 1819 828 1856 Turoldus
847 1818 958 1856 dedit
983 1818 1152 1855 Viviano
1171 1818 1378 1855 dimidiam
1403 1819 1540 1855 hidam
1573 1819 1615 1856 in
1635 1820 1834 1858 Giroafeld
1853 1822 1962 1859 unde
1992 1822 2077 1859 Rex
2096 1823 2203 1860 misit
2230 1823 2271 1859 in
2291 1823 2434 1861 foresta

419 1889 685 1926 medietatem.
747 1887 891 1924 Eidem
910 1887 1022 1923 dedit
1038 1886 1080 1923 in
1101 1885 1260 1923 Undele
1278 1892 1430 1924 sextam
1448 1891 1601 1935 partem
1624 1888 1666 1925 .i.
1688 1888 1810 1935 hidae,
1833 1893 1871 1926 et
1890 1889 1932 1925 in
1951 1888 2230 1927 Wermintona
2248 1895 2432 1940 quartam

419 1962 573 2006 partem
594 1956 637 1994 .i.
658 1955 764 1992 hidae
797 1955 839 1990 in
869 1954 1122 2003 sergentaria‚
1142 1954 1251 1991 unde
1284 1955 1402 1992 debet
1421 1967 1502 1993 esse
1521 1955 1634 1992 miles
1666 1956 1708 1992 in
1737 1957 1913 1993 exercitu
1942 1969 2035 1994 cum
2056 1958 2113 1995 .ii.
2136 1958 2261 2006 equis,
2281 1963 2320 1996 et
2351 1959 2433 1996 suis

420 2025 553 2071 armis,
572 2028 611 2061 et
628 2024 750 2060 abbas
769 2022 944 2058 inveniet
963 2022 999 2058 ei
1017 2021 1095 2057 alia
1111 2022 1343 2059 necessaria.

477 2092 643 2129 Summa
675 2091 717 2127 in
746 2090 931 2127 dominiis
958 2090 1145 2126 maneriis
1171 2090 1357 2128 Abbatiae
1385 2090 1490 2128 inter
1516 2091 1592 2128 hoo
1611 2092 1720 2139 quod
1747 2092 1789 2128 in
1809 2092 1985 2130 dominio
2005 2097 2062 2130 est
2095 2098 2134 2130 et
2153 2094 2261 2142 quod
2286 2094 2434 2132 milites

421 2160 571 2197 habent
597 2163 691 2196 sunt
718 2158 842 2196 .c.lxi.
873 2158 987 2194 hidas
1016 2161 1055 2194 et
1087 2157 1308 2204 dimidiam,
1328 2162 1367 2195 et
1395 2158 1603 2196 dimidiam
1630 2161 1814 2197 bovatam
1831 2165 1977 2209 praeter
1999 2174 2050 2199 .v.
2072 2166 2225 2210 partem
2255 2163 2430 2200 dimidiae

422 2230 587 2266 bovatae.
643 2227 696 2264 Et
727 2226 784 2264 ibi
815 2230 910 2263 sunt
937 2226 979 2262 in
1008 2225 1184 2263 dominio
1208 2226 1307 2264 .1vii.
1330 2238 1521 2265 carrucae.
1581 2227 1634 2265 Et
1662 2227 1800 2264 villani
1827 2228 1978 2266 habent
2009 2241 2083 2268 .cc.
2114 2242 2297 2267 carrucas
2326 2235 2365 2268 et
2387 2231 2430 2268 .i.

422 2291 608 2332 bovem.*

421 2405 528 2442 ricus
545 2403 596 2440 de
615 2402 828 2452 Hastinges
847 2405 957 2439 tenet
976 2401 1173 2450 Filingele
1192 2413 1285 2439 cum
1304 2402 1421 2439 dictis
1441 2402 1542 2440 villis
1561 2403 1610 2440 de
1639 2403 1813 2441 Roberto
1842 2403 2084 2443 Marmioun.
2144 2405 2360 2443 Matthaeus
2379 2406 2430 2443 de

423 2471 600 2510 Cameles
617 2475 726 2509 tenet
751 2470 943 2507 Odistone
976 2470 1027 2507 de
1060 2469 1166 2507 dicto
1199 2469 1390 2507 Henrioo.
1450 2469 1633 2507 Oliverus
1666 2469 1889 2509 Saracenus
1917 2476 2027 2509 tenet
2060 2472 2362 2511 Smarkerstone
2380 2474 2431 2511 de

422 2541 562 2579 eodem
580 2539 771 2577 Henrico.
822 2539 1019 2576 Praeterea
1038 2539 1168 2576 dictus
1188 2539 1385 2577 Robertus
1405 2539 1632 2577 Marmioun
1651 2545 1762 2577 tenet
1782 2540 1832 2577 de
1849 2541 1993 2578 abbate
2009 2541 2059 2578 de
2080 2541 2216 2590 Burgo
2235 2542 2430 2591 quicquid

422 2614 480 2648 est
499 2610 549 2646 de
567 2608 683 2646 feodo
701 2620 785 2655 suo,
813 2608 855 2645 in
887 2608 1117 2657 Langetone
1146 2612 1185 2645 et
1210 2608 1430 2655 Pokebmo,
1450 2612 1489 2645 et
1517 2609 1636 2646 debet
1668 2608 1907 2658 respondere
1927 2609 2035 2646 dicto
2064 2610 2199 2646 abbati
2232 2610 2282 2646 de
2314 2609 2430 2648 feodo

420 2678 544 2716 trium
579 2677 754 2715 militum
791 2681 830 2714 et
867 2676 1045 2723 dimidio,
1083 2689 1155 2725 pro
1197 2677 1382 2713 omnibus
1424 2677 1627 2726 praedietis
1658 2677 1788 2714 terris.
1871 2676 1919 2714 P.
1961 2674 2027 2715 61.
2083 2675 2148 2714 De
2182 2676 2427 2716 Waterville.

422 2746 580 2783 Primus
610 2743 814 2781 Anfredus
847 2743 896 2780 de
925 2742 1173 2781 Waterville.
1233 2743 1431 2780 Robertus
1465 2744 1515 2781 de
1547 2743 1782 2782 Waterville
1814 2748 1925 2782 tenet
1962 2744 2004 2781 in
2038 2744 2427 2792 Norhamtonescire,

420 2813 572 2851 scilicet
590 2812 632 2848 in
651 2811 779 2860 Torpe
799 2826 809 2857 ;
836 2814 876 2848 et
895 2811 938 2847 in
958 2810 1345 2860 Huntingdonscire‚
1375 2811 1528 2848 scilieet
1558 2812 1601 2848 in
1632 2811 1845 2858 Overtone,
1878 2811 2039 2848 feodum
2060 2812 2274 2849 dimidium
2292 2813 2430 2851 militis

421 2885 461 2919 et
479 2893 607 2918 unum
625 2879 886 2929 quarterium,
909 2883 948 2916 et
966 2879 1060 2916 inde
1079 2879 1173 2916 facit
1190 2879 1411 2918 servitium.
1460 2879 1508 2917 P.
1530 2879 1597 2917 58.
1631 2879 1995 2916 Wake.—Primus
2015 2879 2138 2929 Hugo
2157 2881 2208 2916 de
2229 2880 2424 2920 Euremu.

423 2950 655 2987 Baldwinus
667 2947 796 2985 Wake
815 2952 923 2985 tenet
941 2948 984 2984 in
1004 2948 1198 2997 Depinge,
1212 2947 1393 2984 Plumtre
1407 2952 1447 2985 et
1462 2947 1581 2984 Stove
1595 2948 1710 2984 feoda
1725 2948 1895 2985 duorum
1914 2948 2103 2987 militum.
2162 2949 2215 2986 Et
2235 2949 2431 2987 Robertus

424 3018 474 3054 de
502 3017 667 3066 Gunges
698 3017 748 3053 de
780 3016 919 3054 eodem
951 3015 1181 3052 Baldewino
1210 3015 1252 3051 in
1287 3015 1594 3062 Lincolnescire,
1624 3016 1774 3053 scilicet
1805 3016 1848 3052 in
1882 3016 2045 3065 careby,
2080 3017 2257 3066 Byamel,
2286 3030 2428 3055 novem

425 3089 626 3122 carucatas
656 3088 774 3122 terrae
793 3099 804 3131 ;
833 3089 872 3122 et
904 3084 947 3120 in
980 3083 1352 3120 Norhamtonesoire
1371 3084 1469 3120 duas
1488 3087 1620 3133 partes
1647 3083 1824 3122 dimidiae
1843 3083 2020 3134 virgatae,
2038 3084 2187 3122 scilicet
2205 3086 2247 3121 in
2275 3085 2426 3134 Burgo,

423 3162 496 3200 pro
514 3150 638 3187 feodis
656 3150 827 3187 duorum
844 3150 1031 3188 militum.
1091 3150 1144 3187 Et
1162 3154 1352 3198 praeterea
1371 3150 1501 3187 dictus
1527 3150 1784 3187 Baldewinus
1810 3154 1920 3188 tenet
1949 3150 2111 3187 feodum
2138 3151 2258 3187 unius
2290 3152 2428 3188 militis

422 3219 464 3255 in
485 3218 673 3266 Wytham
692 3222 731 3254 et
750 3218 949 3267 Bergham
968 3219 1018 3255 de
1036 3222 1141 3255 terra
1160 3218 1329 3255 Affordi.
1388 3218 1442 3255 Et
1469 3218 1683 3267 praedietus
1711 3219 1970 3256 Baldewinus
1997 3220 2048 3256 de
2078 3219 2281 3267 praediotis
2299 3218 2427 3256 feodis

421 3283 557 3322 abbati
576 3283 627 3319 de
647 3282 782 3331 Burgo
801 3282 921 3320 debet
938 3284 1114 3332 plenarie
1132 3284 1372 3333 respondere
1392 3285 1443 3321 de
1460 3285 1568 3322 omni
1586 3285 1746 3323 forensi.

478 3353 503 3376 *θ
531 3351 581 3387 In
600 3350 668 3388 the
685 3349 853 3398 margin,
871 3351 1006 3388 beside
1034 3353 1060 3372 ‘⁶
1072 3352 1246 3390 Ansford
1264 3353 1345 3390 and
1372 3353 1596 3390 Rodbertus
1615 3354 1664 3391 de
1685 3353 1918 3403 Guneges‚”
1937 3354 1962 3373 “
1978 3352 2090 3389 Wac.
2110 3351 2209 3390 Vae.
2228 3354 2267 3398 ;”
2284 3352 2425 3402 below,

423 3419 599 3469 opposite
618 3419 643 3438 “
657 3418 821 3466 Rison,”
849 3419 874 3438 “
886 3417 1013 3456 Juxta
1031 3419 1279 3458 Lincolniam
1301 3420 1359 3459 .ii.
1380 3420 1549 3458 miliaria
1567 3421 1618 3457 de
1637 3418 1674 3456 N
1677 3420 1896 3458 etleham.”
1949 3418 2138 3467 Opposite
2166 3419 2426 3458 “Rodbertus
