2774 3952
997 465 1352 503 cnssomcon
1384 465 1920 502 PETROBURGENSE.
2395 452 2460 499 95
2487 480 2491 484 -

461 590 691 662 juridico
717 599 844 661 post
885 593 1084 645 festum
1130 594 1301 646 sancti
1346 593 1528 657 Illarii,
1553 593 1610 644 in
1654 592 1798 644 dicto
1835 589 2057 642 tuitorio
2084 588 2463 657 appellacionis

467 678 691 747 negocio
717 679 986 730 facturum
1013 686 1068 731 et
1100 687 1445 749 recepturum
1472 679 1616 748 quod
1651 676 1870 747 justicia
1896 674 2159 727 suadebit.
2235 674 2311 724 Et
2337 674 2465 742 quid

468 781 631 832 super
656 764 930 832 premissis
971 765 1223 829 feceritis,
1249 765 1408 817 nobis
1434 765 1521 817 vel
1565 760 1933 816 commissario
1978 767 2167 811 nostro
2195 759 2350 811 dictis
2379 759 2464 811 die

467 857 523 901 et
547 850 666 901 loco
693 868 789 918 per
830 851 1036 902 litteras
1075 858 1280 903 vestras
1326 857 1573 919 patentes
1617 856 1718 901 etc.
1794 847 2001 898 Datum
2046 845 2366 910 LondoniiS,
2407 845 2465 897 in

467 934 606 987 festo
635 942 817 988 sancte
844 936 1011 988 Lucie
1050 936 1290 1005 virginiS,
1331 954 1474 988 anno
1499 934 1667 1004 gratie
1699 934 1809 986 M0.
1838 933 2209 985 ducentesimo
2251 940 2466 1001 octoge-

469 1020 606 1074 simo
631 1021 824 1090 primo,

146 1102 246 1156 (sol.
269 1103 345 1143 cvi.
366 1105 443 1156 v⁰·)
542 1107 568 1159 l
579 1107 741 1159 Anno
767 1105 992 1160 Domini
1018 1107 1411 1159 M⁰.cc.lx⁰x⁰x⁰.
1438 1116 1646 1176 quarto.

540 1192 804 1244 Placitum
846 1192 989 1244 inter
1032 1191 1284 1244 abbatem
1325 1193 1392 1244 de
1443 1192 1625 1261 Burgo
1666 1198 1722 1243 et
1764 1190 2014 1242 abbatem
2057 1190 2123 1242 de
2167 1189 2464 1259 BarlingeS.

469 1278 592 1330 Hoc
618 1297 758 1330 anno
784 1278 841 1329 in
861 1278 1132 1347 quindena
1159 1279 1363 1331 Pasche
1389 1278 1664 1330 redierunt
1677 1276 1961 1346 justiciarii
1985 1275 2298 1327 itinerantes
2319 1276 2464 1345 apud

466 1364 821 1428 Lincolniam,
848 1371 903 1416 et
927 1364 1276 1434 impetratum
1303 1373 1386 1417 est
1410 1364 1574 1416 breve
1602 1363 1807 1415 domini
1834 1362 1997 1432 Regis
2023 1361 2282 1431 predictis
2302 1361 2464 1431 justi-

466 1451 637 1503 ciariis
665 1450 878 1503 directis
906 1451 1007 1502 sub
1033 1452 1132 1503 hac
1158 1452 1330 1503 forma
1348 1471 1436 1502 ε-
1612 1438 1615 1441 ’

536 1536 855 1600 EdwarduS,
880 1536 987 1588 Dei
1011 1537 1196 1605 gratia,
1223 1545 1325 1589 etc.
1375 1536 1412 1589 J
1414 1536 1698 1588 usticiariis
1727 1535 1837 1587 suis
1865 1534 2110 1604 proximo
2135 1533 2465 1586 itineraturis

464 1622 609 1690 apud
635 1621 973 1673 Lincolniam
1001 1622 1246 1674 salutem.
1324 1622 1466 1677 Quia
1511 1622 1736 1674 dilectus
1780 1620 1939 1672 nobis
1964 1620 2019 1671 in
2049 1619 2269 1671 Christo
2301 1619 2465 1671 abbas

465 1707 531 1759 de
577 1707 758 1776 Burgo
800 1706 971 1758 sancti
1015 1707 1160 1759 Petri
1209 1707 1373 1760 habet
1417 1707 1559 1759 diem
1603 1725 1782 1759 coram
1802 1705 2114 1776 justiciariis
2157 1705 2357 1757 nostris
2400 1705 2466 1757 de

465 1793 668 1857 Banco,
705 1793 763 1844 in
808 1793 1078 1862 quindena
1123 1793 1329 1846 Pasche
1365 1794 1613 1864 proximo
1653 1795 1852 1857 futura,
1891 1794 1957 1845 de
1996 1793 2229 1862 quodam
2269 1810 2465 1861 magno

462 1879 661 1949 placito
686 1897 973 1948 personam
1001 1898 1152 1931 suam
1179 1887 1233 1931 et
1259 1879 1537 1932 ecclesiam
1565 1897 1717 1930 suam
1757 1878 2057 1947 specialiter
2082 1886 2351 1947 tangente,
2379 1878 2467 1929 cui

462 1964 816 2034 personaliter
857 1964 1039 2033 ipsum
1080 1965 1352 2034 oportebit
1393 1964 1570 2016 modis
1615 1963 1867 2016 omnibus
1893 1964 2169 2028 interesse,
2206 1963 2282 2014 ita
2319 1962 2464 2031 quod

465 2068 643 2102 coram
693 2050 850 2102 vobis
899 2050 956 2101 in
1007 2051 1278 2119 quindena
1326 2050 1566 2120 predicta
1604 2050 1958 2119 personaliter
1997 2067 2303 2118 comparere
2353 2066 2465 2100 non

465 2134 682 2203 poterit,
727 2134 866 2185 sicut
910 2153 976 2186 ex
1017 2135 1327 2187 testimonio
1353 2135 1718 2187 intelleximus
1758 2135 2066 2203 fidedign03
2116 2133 2271 2186 vobis
2312 2152 2465 2185 man-

466 2220 656 2272 damus
684 2220 828 2288 quod
855 2239 1042 2272 omnes
1070 2221 1311 2289 querelas
1332 2228 1386 2273 et
1401 2221 1595 2291 placita
1619 2220 1800 2290 ipsum
1827 2220 2077 2272 abbatem
2104 2238 2283 2272 coram
2308 2220 2463 2272 vobis

463 2305 520 2357 in
546 2305 735 2357 itinere
760 2313 940 2357 vestro
966 2306 1208 2375 predicto
1234 2307 1513 2375 tangencia
1528 2323 1699 2375 usque
1725 2307 1793 2357 ad
1818 2306 2051 2375 aliquem
2069 2314 2275 2358 certum
2302 2306 2465 2369 diem,

465 2408 627 2460 quem
671 2389 740 2440 ad
783 2389 887 2441 hoc
929 2390 1287 2459 provideritis,
1328 2398 1382 2442 et
1422 2391 1488 2441 ad
1529 2409 1688 2459 quem
1731 2391 1876 2442 idem
1920 2391 2085 2443 abbas
2127 2391 2464 2444 commodius

467 2475 716 2528 accedere
740 2475 943 2544 poterit
969 2476 1036 2526 ad
1075 2476 1315 2545 loquelas
1357 2484 1411 2528 et
1453 2477 1648 2545 placita
1691 2495 1787 2528 sua
1829 2477 2068 2546 predicta
2091 2478 2466 2547 prosequenda

466 2569 521 2612 et
547 2561 897 2625 defendenda,
924 2579 1101 2613 coram
1125 2562 1280 2614 vobis
1308 2562 1653 2614 continuetiS.
1729 2562 1815 2613 Ita
1856 2562 2001 2631 quod
2041 2562 2237 2631 placita
2278 2563 2369 2614 illa
2410 2570 2466 2615 et

463 2646 674 2715 querele
719 2665 898 2699 coram
942 2646 1098 2699 vobis
1142 2655 1267 2699 ante
1307 2666 1580 2700 recessum
1623 2655 1864 2701 vestrum
1889 2667 1920 2700 a
1944 2648 2188 2717 partibus
2219 2649 2324 2701 illis
2350 2649 2464 2718 pla-

441 2731 696 2784 ’citentur
720 2740 776 2784 et
808 2733 1166 2785 terminentur
1205 2735 1502 2786 secundum
1527 2734 1698 2804 legem
1745 2742 1800 2786 et
1843 2735 2289 2787 consuetudinem
2314 2735 2464 2805 regni

460 2819 650 2871 nostri.
724 2819 886 2871 Teste
914 2820 1059 2889 Rege
1102 2820 1247 2889 apud
1287 2821 1574 2885 Rothelan,
1599 2820 1746 2874 xviii.
1773 2820 1859 2873 die
1886 2820 2090 2885 Martii,
2130 2839 2272 2873 anno
2315 2820 2465 2891 regni

460 2904 633 2956 nostri
656 2904 774 2956 xiio.

534 2990 698 3042 Brevi
722 2989 964 3060 predicto
1009 3009 1040 3042 a
1073 2990 1383 3060 justiciariis
1409 2997 1626 3060 recepto
1654 2997 1709 3043 et
1742 2991 2000 3056 recitat03
2047 2991 2204 3043 datus
2241 2999 2324 3044 est
2350 2992 2465 3044 dies

466 3075 684 3128 domino
710 3076 891 3128 abbati
917 3094 1094 3128 coram
1122 3077 1325 3128 eisdem
1357 3077 1415 3128 in
1454 3077 1686 3129 crastino
1711 3077 2078 3142 AscensioniS,
2103 3077 2353 3130 videlicet
2378 3078 2463 3129 die

469 3160 640 3212 sancti
699 3162 991 3214 Dunstani.
1066 3163 1154 3214 Ad
1205 3180 1366 3231 quem
1430 3162 1571 3214 diem
1617 3162 1843 3214 accessit
1884 3162 2135 3214 dominus
2180 3163 2364 3227 abbaS,
2408 3170 2463 3213 et

467 3261 563 3313 per
591 3245 903 3315 episcopum
930 3248 1358 3299 Dunelmensem
1384 3254 1644 3299 tractatus
1670 3249 1843 3300 factus
1885 3255 1969 3300 est
2012 3249 2078 3299 de
2128 3265 2257 3316 pace
2301 3263 2463 3314 super

466 3328 682 3397 placitO,
708 3330 852 3397 quod
877 3331 980 3383 fuit
1002 3331 1143 3383 inter
1168 3331 1418 3383 abbatem
1445 3332 1511 3384 de
1529 3332 1711 3400 Burgo
1739 3339 1794 3384 et
1819 3331 2068 3384 abbatem
2096 3332 2161 3382 de
2182 3329 2459 3397 Barlinges

468 3413 534 3466 de
561 3413 795 3482 quodam
817 3413 1002 3480 bosc0,
1046 3416 1183 3469 sicut
1218 3435 1388 3486 supra
1430 3424 1648 3469 notatur
1672 3417 1800 3469 folio
1974 3456 1985 3467 .
2063 3415 2169 3467 Sed
2195 3431 2324 3483 pace
2349 3431 2461 3465 non
