2774 3952
25 582 28 586 .
63 550 165 601 (foc.
184 551 232 591 ii.
250 550 327 604 vo.)

56 1723 156 1774 (soz.
174 1723 240 1762 iii.
262 1720 334 1776 φο.)

54 2875 158 2929 (foc.
175 2875 240 2915 iii.
259 2874 336 2927 vo.)

1262 419 1603 455 -Appmvmx,
2332 408 2434 457 159

430 543 582 591 villani,
603 544 674 594 qui
703 543 856 582 faciunt
885 545 1052 583 totidem
1082 547 1305 584 secundum
1334 551 1537 585 tenaturas
1565 559 1669 585 suas.
1696 542 1703 599 Ι
1730 546 1782 583 Et
1811 557 1948 583 omnes
1979 544 2044 582 isti
2073 544 2249 583 reddunt
2274 546 2325 583 de
2341 558 2434 584 con-

428 613 641 650 suetudine
662 625 718 652 .x.
739 613 898 652 solidos.
958 614 1011 652 Et
1029 620 1173 664 praeter
1190 616 1264 654 hoc
1283 616 1335 652 ad
1363 617 1568 654 caritatem
1597 616 1724 653 sancti
1753 615 1862 652 Petri
1883 627 1936 653 .v.
1957 614 2167 660 multones,
2188 618 2227 651 et
2248 626 2300 652 .x.
2321 615 2436 651 ulnas

429 681 480 718 de
498 680 603 719 lineo
628 693 774 730 panno,
795 687 835 720 et
865 695 918 721 .x.
939 684 1118 731 scutella,
1138 688 1177 722 et
1198 697 1272 722 .cc.
1293 696 1427 733 panes.
1485 685 1538 722 Et
1557 696 1693 722 omnes
1722 683 1787 720 isti
1817 683 1997 720 homines
2020 687 2136 719 arant
2156 683 2250 721 ,xvi.
2269 695 2378 720 acras
2397 689 2437 721 et

428 748 635 785 dimidiam
664 749 715 785 ad
747 760 845 798 opus
877 750 1042 788 domini.
1099 750 1152 788 Et
1184 751 1252 790 .vi.
1276 751 1464 798 bordarii,
1493 751 1564 800 qui
1596 750 1772 788 reddunt
1793 749 1876 787 .vii.
1902 749 2062 787 solidos.
2120 749 2174 786 Et
2203 761 2339 786 omnes
2370 751 2436 787 isti

426 817 602 855 reddunt
627 829 700 867 per
729 830 882 855 annum
904 819 1020 857 .xxii.
1052 830 1215 868 sceppas
1244 831 1367 856 avene
1399 831 1472 868 pro
1504 823 1662 856 mortuo
1694 819 1826 864 bosco,
1845 822 1885 855 et
1918 817 2035 856 xxii.
2062 829 2197 866 paneS,
2226 822 2266 855 et
2302 819 2434 858 .lxiiii.

425 885 608 934 gallinas,
629 891 669 924 et
690 898 742 925 .c.
764 891 803 925 et
826 887 900 926 .lx.
921 899 1007 926 ova.
1067 887 1120 925 Et
1139 900 1244 925 unus
1263 888 1552 926 sochemannus
1579 887 1675 925 facit
1693 887 1903 924 servicium
1922 898 2015 924 cum
2034 898 2150 935 equo.
2208 886 2262 924 Et
2282 886 2435 924 Willel-

427 966 517 992 mus
547 955 655 992 filius
682 955 881 993 Anseredi
912 960 1024 994 tenet
1056 960 1240 1005 quartam
1271 961 1425 1006 partem
1457 957 1508 993 de
1539 956 1611 995 .iii.
1644 955 1764 1005 virgis
1795 967 1867 1004 per
1897 955 2107 993 servicium
2139 955 2339 994 militare.
2383 956 2436 1004 Et

427 1022 654 1061 Willelmus
672 1023 779 1061 filius
798 1023 950 1061 odardi
975 1024 1061 1062 coci
1087 1029 1196 1062 tenet
1215 1029 1398 1074 quartam
1423 1025 1473 1062 de
1494 1024 1568 1062 .iii.
1589 1025 1708 1072 virgis
1726 1036 1798 1074 per
1814 1024 2023 1062 servicium
2051 1024 2232 1072 coquinae
2252 1024 2436 1063 Abbatis.

428 1089 482 1127 Et
499 1090 679 1128 homines
697 1090 811 1128 istius
828 1089 1025 1128 willelmi
1043 1090 1195 1129 faciunt
1222 1091 1490 1141 operationem
1509 1092 1552 1128 in
1573 1092 1697 1138 curia,
1718 1091 1868 1129 scilicet
1900 1103 2082 1128 carrucas
2109 1103 2199 1128 suas
2225 1091 2436 1128 inveniunt

425 1226 624 1276 Augusto.
681 1225 736 1264 Et
754 1225 953 1264 Godrieus
979 1230 1090 1265 tenet
1109 1231 1292 1276 quartam
1320 1234 1476 1277 partem
1496 1227 1547 1265 de
1569 1227 1640 1266 .iii.
1664 1227 1797 1276 virgis,
1826 1231 1866 1264 et
1897 1226 1992 1263 inde
2021 1226 2089 1264 ille
2122 1230 2161 1263 et
2186 1238 2313 1275 equus
2339 1239 2435 1265 suus

424 1294 572 1332 debent
600 1293 728 1332 facere
752 1294 963 1340 servicium
992 1294 1162 1332 Abbatis
1189 1307 1282 1333 cum
1308 1295 1415 1333 victu
1445 1307 1533 1333 suo.
1590 1294 1644 1332 Et
1662 1294 1731 1332 ille
1751 1294 1949 1332 Godricus
1966 1293 2086 1331 habet
2107 1294 2177 1332 .iii.
2197 1294 2376 1342 villanos,
2395 1300 2436 1337 et

425 1361 606 1410 quisquis
627 1362 742 1400 metit
761 1362 911 1400 Abbati
936 1362 1145 1400 dimidiam
1173 1374 1305 1400 acram
1333 1362 1376 1399 in
1395 1362 1595 1412 Augusto.
1652 1362 1706 1400 Et
1725 1362 1774 1399 de
1792 1361 1966 1399 carrucis
1983 1361 2064 1398 suis
2082 1361 2235 1399 faciunt
2255 1362 2313 1401 .ii.
2333 1375 2433 1411 prae-

423 1430 609 1470 cationes.
664 1431 715 1468 In
750 1431 927 1469 dominio
960 1432 1082 1469 curiae
1115 1436 1210 1469 sunt
1241 1432 1298 1470 .ii.
1334 1443 1509 1469 carrucae
1542 1431 1604 1468 de·
1623 1431 1720 1470 ,xvi.
1746 1431 1890 1478 bobus,
1921 1434 1961 1468 et
1990 1430 2077 1469 .iiii.
2098 1442 2242 1479 vaccae,
2264 1436 2304 1470 et
2335 1433 2432 1472 .vifi.

422 1498 610 1536 animalia
627 1499 764 1548 otiosa,
785 1504 825 1539 et
844 1500 888 1540 .i.
913 1500 1074 1549 vitulus,
1094 1504 1134 1538 et
1153 1499 1191 1539 .i.
1211 1512 1322 1549 aura,
1342 1505 1381 1538 et
1400 1499 1494 1539 xiii.
1515 1499 1642 1549 porci.

477 1635 528 1673 In
548 1635 808 1686 Colingeham
825 1641 921 1676 sunt
941 1637 1029 1676 .iiii.
1050 1641 1257 1675 carrucata
1281 1641 1397 1675 terrae
1429 1637 1482 1674 ad
1510 1636 1676 1686 geldum
1704 1635 1840 1685 Regis.
1862 1639 1901 1673 et
1920 1636 1960 1674 .i.
1985 1636 2127 1673 bovata
2144 1639 2273 1683 terrae,
2293 1637 2435 1685 quinta

420 1706 533 1752 parte
551 1702 697 1742 minus.
748 1703 802 1742 Et
822 1716 906 1743 αα.
927 1704 1066 1741 villani
1085 1704 1156 1753 qui
1174 1708 1313 1741 tenent
1334 1704 1375 1742 .i.
1394 1715 1600 1741 carrucam
1624 1699 1631 1755 Ι
1655 1709 1695 1740 et
1720 1703 1944 1741 dimidiam.
2003 1702 2056 1740 Et
2075 1703 2255 1752 quisquis
2273 1704 2434 1742 illorum

421 1774 607 1820 operatur
627 1771 670 1811 .i.
689 1771 754 1810 die
785 1784 858 1822 per
887 1785 1042 1810 annum
1073 1773 1117 1810 in
1150 1772 1388 1811 ebdomada.
1446 1772 1500 1810 Et
1532 1772 1575 1809 in
1595 1771 1780 1821 Augusto
1799 1771 1870 1810 .iii.
1900 1771 2171 1820 praecationes.
2218 1771 2271 1809 Et
2299 1784 2434 1810 omnes

419 1837 485 1876 isti
508 1838 719 1876 adducunt
747 1838 798 1877 de
826 1839 945 1877 bosco
975 1839 1046 1878 .1x.
1082 1843 1256 1877 careatas
1288 1840 1331 1877 in
1360 1839 1513 1877 curiam
1543 1839 1711 1886 domini,
1745 1842 1787 1877 et
1816 1838 1936 1876 etiam
1967 1838 2126 1875 fodiunt
2155 1842 2195 1876 et
2223 1839 2434 1878 adducunt

422 1918 507 1945 .xx.
536 1911 712 1945 careatas
738 1907 789 1945 de
816 1908 956 1956 turbis,
977 1912 1017 1946 et
1043 1920 1112 1947 xx.
1143 1912 1318 1946 careatas
1344 1908 1394 1946 de
1426 1912 1674 1957 coopertura.
1731 1907 1785 1945 Et
1818 1907 1884 1944 isti
1917 1907 2065 1944 debent
2093 1907 2271 1944 herciare
2302 1913 2433 1947 totum

1498 1976 1551 1985 no·-

421 2042 478 2082 .ii.
508 2050 732 2081 carrucatas
759 2047 875 2081 terrae
908 2047 948 2080 et
975 2043 1198 2082 dimidiam.
1256 2043 1309 2081 Et
1328 2044 1509 2092 quisquis
1532 2044 1699 2081 istorum
1726 2046 1912 2092 operatur
1933 2042 2001 2080 .vi.
2022 2042 2163 2079 diebus
2180 2055 2253 2091 per
2277 2055 2430 2082 annum

420 2121 492 2159 per
517 2109 861 2157 consuetudinem,
894 2109 946 2147 de
977 2109 1199 2147 stabilione.
1272 2110 1326 2148 Et
1355 2110 1398 2147 in
1431 2110 1618 2160 Augusto
1647 2116 1835 2160 operatur
1865 2110 2035 2159 quisque
2057 2110 2130 2148 .iii.
2162 2110 2319 2150 diebus.
2376 2110 2431 2149 Et

421 2189 558 2215 omnes
585 2177 650 2215 isti
680 2177 830 2215 habent
850 2177 964 2217 .xiiii.
983 2189 1181 2225 carrucas,
1205 2183 1245 2216 et
1278 2178 1372 2216 inde
1401 2183 1517 2217 arant
1538 2179 1612 2217 .iii.
1633 2179 1787 2216 vicibus
1815 2178 1858 2215 in
1890 2179 2207 2228 quadragesima.
2266 2179 2320 2217 Et
2336 2190 2429 2228 pre-

421 2245 519 2282 dicti
539 2244 583 2283 .l.
603 2244 860 2282 sochemanni
878 2249 994 2283 arant
1014 2245 1155 2284 .xlviii.
1175 2257 1299 2292 acras,
1320 2249 1359 2283 et
1377 2245 1563 2284 herciunt
1581 2250 1622 2284 et
1646 2249 1803 2283 metunt
1822 2245 1865 2282 in
1885 2245 2082 2295 Augusto.
2140 2246 2194 2283 Et
2212 2258 2349 2284 omnes
2366 2247 2431 2284 isti

419 2313 674 2352 sochemanni
692 2314 869 2351 reddunt
893 2325 965 2363 per
989 2326 1143 2351 aunum
1164 2314 1250 2353 .xii.
1274 2314 1406 2353 libras.
1463 2314 1517 2352 Et
1550 2314 1593 2351 in
1624 2313 1800 2351 dominio
1832 2315 1954 2351 curiae
1983 2318 2078 2351 sunt
2099 2313 2156 2352 .ii.
2176 2326 2350 2352 carrucae
2379 2315 2430 2354 de

420 2380 520 2421 .xvi.
539 2382 681 2428 bobus,
702 2385 742 2419 et
764 2381 852 2420 .iiii.
873 2394 1001 2420 vaccae
1020 2386 1061 2420 et
1079 2382 1209 2429 vituli,
1224 2387 1263 2420 et
1286 2382 1331 2420 .i.
1352 2381 1522 2419 otiosum
1539 2380 1704 2427 animal,
1726 2385 1766 2418 et
1785 2380 1894 2419 .c.lx‚
1914 2392 2019 2427 oves,
2036 2385 2076 2418 et
2096 2381 2180 2419 .xii.
2202 2383 2326 2430 porci.

476 2448 527 2486 In
560 2448 820 2499 Cotingeham
842 2454 937 2488 sunt
957 2463 1009 2489 .v.
1028 2450 1133 2488 hidae
1162 2454 1202 2488 et
1223 2450 1267 2489 .i.
1288 2450 1400 2500 virga
1417 2450 1469 2487 ad
1496 2449 1660 2499 geldum
1688 2449 1822 2498 Regis.
1881 2448 1935 2487 Et
1960 2449 2010 2487 de
2029 2449 2110 2486 istis
2130 2462 2179 2488 .v.
2200 2450 2305 2487 hidis
2322 2455 2432 2489 tenet

423 2515 647 2555 Rodbertus
674 2518 725 2555 de
758 2517 840 2555 Olli
872 2519 1038 2556 terciam
1065 2523 1218 2568 partem
1239 2519 1280 2557 .i.
1301 2519 1407 2556 hidae
1435 2518 1487 2555 ad
1515 2518 1680 2568 geldum
1709 2517 1843 2567 Regis.
1902 2517 1956 2555 Et
1985 2517 2107 2555 Maiel
2134 2518 2240 2555 filius
2272 2518 2431 2556 Osberti

420 2590 530 2623 tenet
547 2586 765 2624 aecclesiam
789 2599 883 2624 cum
913 2587 986 2626 .iii.
1016 2591 1128 2637 parte
1150 2587 1193 2626 .i.
1214 2587 1334 2626 hidae.
1394 2587 1447 2625 Et
1475 2587 1583 2624 idem
1603 2587 1646 2626 .i.
1666 2586 1818 2636 virgam
1845 2590 1959 2624 terrae
1978 2586 2087 2624 unde
2113 2587 2248 2625 reddit
2266 2588 2317 2625 de
2336 2599 2430 2626 con-

420 2655 633 2693 suetudine
661 2655 721 2694 .ii.
753 2656 898 2694 solidos
925 2668 998 2706 per
1028 2668 1193 2694 annum.
1251 2656 1305 2694 Et
1324 2656 1366 2696 .i.
1395 2656 1701 2704 sochemannus,
1733 2656 1805 2704 qui
1836 2655 1970 2693 reddit
2004 2655 2091 2694 .xii.
2122 2656 2318 2695 denarios.
2376 2657 2430 2695 Et

423 2722 665 2762 Godefridus
678 2729 788 2763 tenet
801 2725 1010 2762 dimidiam
1021 2725 1186 2775 virgam,
1198 2725 1308 2762 unde
1321 2725 1455 2762 reddit
1477 2737 1529 2763 .v.
1550 2724 1710 2763 solidos.
1742 2724 1796 2763 Et
1810 2724 1958 2762 Tcholf
1966 2728 2077 2762 tenet
2094 2724 2137 2763 .i.
2157 2725 2307 2775 virgam
2320 2726 2430 2764 unde

421 2792 555 2830 reddit
572 2793 616 2832 .i.
635 2794 839 2831 marcham
865 2795 1036 2844 argenti.
1096 2794 1150 2832 Et
1180 2794 1292 2832 .xvii.
1323 2793 1474 2841 villani,
1494 2793 1566 2842 qui
1593 2797 1810 2842 operantur
1836 2793 1879 2830 in
1908 2793 2093 2842 Augusto
2114 2793 2187 2832 .iii.
2218 2794 2360 2831 diebus
2386 2794 2430 2830 in

423 2859 660 2899 ebdomada.
718 2861 772 2899 Et
802 2874 875 2911 per
906 2867 1036 2900 totum
1067 2873 1220 2899 annum
1251 2861 1309 2899 .ii.
1329 2861 1489 2898 diebus.
1516 2857 1523 2912 Ι
1549 2860 1603 2897 Et
1635 2860 1815 2908 quinque
1849 2859 1969 2908 virgae
2003 2863 2118 2896 arant
2140 2859 2197 2898 .ii.
2218 2872 2328 2897 acras
2358 2873 2431 2910 per

422 2938 589 2967 annum.
647 2929 701 2967 Et
719 2930 784 2967 isti
801 2930 983 2968 homines
999 2930 1151 2967 habent
1172 2929 1241 2967 .vi.
1262 2940 1459 2975 carrucas,
1478 2933 1519 2966 et
1546 2928 1642 2965 inde
1666 2932 1782 2965 arant
1803 2927 1871 2965 .vi.
1892 2927 2044 2964 vicibus
2062 2939 2134 2976 per
2151 2939 2313 2967 annum.
2375 2929 2430 2967 Et

423 2995 466 3032 in
485 3001 605 3034 estate
623 2998 674 3036 de
694 2998 874 3048 quinque
895 2999 1014 3049 virgis
1033 2998 1240 3036 wareitant
1262 2997 1304 3035 .i.
1326 3008 1474 3034 acram.
1534 2984 1587 3034 Fit
1608 2996 1688 3035 .vii.
1711 2996 1885 3034 bordarii
1914 2997 1984 3045 qui
2013 3001 2229 3046 operantur
2245 2998 2365 3035 semel
2385 2998 2428 3034 in

423 3064 658 3105 ebdomada.
715 3067 768 3105 Et
786 3080 914 3105 unum
933 3067 1222 3113 molendinum,
1243 3066 1351 3115 quod
1368 3065 1502 3103 reddit
1522 3077 1602 3104 .xx.
1624 3065 1770 3103 solidos
1788 3077 1881 3103 cum
1903 3066 1947 3104 .i.
1969 3066 2079 3115 virga
2096 3073 2227 3104 terrae.
2286 3066 2340 3104 Et
2358 3067 2429 3103 vil-

423 3131 505 3168 lani
537 3133 711 3173 reddunt
742 3148 813 3185 per
843 3148 996 3174 annum
1017 3136 1114 3175 .vifi.
1135 3135 1279 3173 solidos
1298 3138 1337 3171 et
1356 3134 1419 3172 .vi.
1440 3134 1634 3172 denarios.
1694 3134 1747 3171 Et
1773 3134 1826 3172 ad
1860 3134 2118 3172 Nativitatem
2147 3134 2323 3171 reddunt
2343 3147 2425 3172 .xv.

422 3198 605 3248 gallinas.
664 3202 718 3240 Et
736 3203 788 3240 ad
807 3204 960 3242 Pascha
981 3217 1079 3244 .ccc.
1101 3216 1188 3242 ova.
1247 3203 1298 3240 In
1318 3202 1495 3240 dominio
1523 3202 1644 3240 curiae
1663 3206 1757 3240 sunt
1778 3203 1836 3240 .ii.
1858 3214 2032 3240 carrucae
2052 3203 2102 3239 de
2123 3202 2208 3239 ,xii.
2229 3202 2368 3247 bobus,
2388 3206 2427 3238 et

427 3277 481 3303 .v.
501 3277 592 3304 sues
609 3271 650 3306 et
670 3269 716 3308 .i.
738 3281 820 3317 ver,
837 3275 877 3309 et
896 3272 991 3310 αἰχ.
1012 3273 1252 3322 hoggastres.
1313 3270 1365 3307 Et
1384 3270 1426 3307 in
1444 3269 1520 3307 hoc
1539 3269 1715 3307 manerio
1733 3273 1860 3319 potest
1877 3268 2043 3307 staurari
2067 3268 2107 3306 .i.
2128 3278 2292 3304 carruca
2310 3271 2349 3304 et
2370 3280 2423 3306 .c.

423 3331 535 3380 porci
553 3337 593 3370 et
611 3346 661 3373 .c.
682 3347 827 3385 caprae.

480 3396 531 3434 In
551 3397 700 3440 Estona
715 3407 810 3442 sunt
822 3402 896 3443 .iii.
915 3402 1022 3443 hidae
1040 3405 1092 3442 ad
1111 3405 1154 3442 in
1171 3404 1349 3443 Waram.
1380 3403 1434 3442 Et
1448 3403 1498 3442 de
1511 3403 1586 3441 hac
1605 3407 1708 3442 terra
1722 3406 1860 3441 tenent
1881 3401 1978 3440 ,xxi.
2000 3399 2136 3438 villani
2155 3398 2396 3450 ‚xxi2virgas
2416 3415 2428 3448 ;
