2774 3952
124 978 222 1031 (fol.
239 977 292 1019 vi.
311 975 386 1032 vo.)

111 2224 211 2277 (fol.
234 2226 306 2266 vii.
325 2225 400 2278 νο.)

492 441 594 488 162
1323 459 1655 498 APPENDIX.

491 593 544 619 .v.
565 581 617 618 ad
644 582 811 622 Pascha.
857 583 910 622 Et
930 583 1073 623 Vitalis
1089 583 1223 624 reddit
1243 584 1316 626 .iii.
1337 584 1481 627 solidos
1499 599 1571 639 pro
1592 589 1636 629 .i.
1657 590 1781 641 virga,
1801 595 1841 630 et
1859 589 1946 630 Aze
1965 603 2019 633 .v.
2039 591 2185 632 solidos
2210 605 2283 646 pro
2300 596 2343 636 .i.
2363 593 2487 647 virga,

489 654 529 687 et
546 651 740 699 presbiter
757 665 829 702 pro
849 653 1038 701 aecelesia,
1058 659 1097 692 et
1124 666 1196 704 pro
1217 655 1275 694 .ii.
1307 656 1428 707 virgis
1457 670 1510 696 .v.
1529 658 1687 697 solidos.
1743 658 1799 697 Et
1819 657 2020 697 Walterus
2047 659 2227 699 Francus
2256 662 2314 700 .ii.
2343 663 2490 701 solidos

490 730 562 766 pro
580 719 747 756 dimidia
765 720 886 770 virga.
943 721 996 759 Et
1016 722 1219 760 Leofricus
1238 723 1349 761 faber
1370 725 1457 763 .xii.
1477 726 1659 764 denarios
1676 738 1749 775 pro
1770 726 1813 764 .i.
1835 727 1924 764 toft.
1982 726 2207 776 AEgelrieus
2226 728 2277 765 de
2295 729 2489 780 Ketering

492 785 561 823 .vi.
582 786 762 824 denarios
779 799 851 836 pro
869 792 975 826 terra
993 802 1114 838 quam
1133 791 1249 839 locat,
1269 797 1308 830 01
1328 792 1554 843 AEgelricus
1573 795 1624 832 de
1638 793 1847 833 Brohtune
1868 794 1957 833 .xii.
1979 791 2176 843 denarios,
2195 799 2235 833 et
2255 796 2491 835 Lambertus

490 853 575 891 .xii.
589 854 785 902 denarios,
797 861 837 893 et
857 856 1010 894 Radulf
1018 859 1306 898 sochemannus
1316 866 1462 911 prestat
1476 874 1681 901 carrucam
1695 875 1807 901 suam
1820 863 1887 901 .iii.
1900 863 2052 901 vicibus
2066 863 2108 900 in
2127 875 2247 902 anno.
2293 862 2493 903 Martinus

489 921 558 958 dat
574 922 614 959 .i.
635 923 858 971 denarium,
876 928 916 962 et
934 924 1020 964 Aze
1041 927 1079 968 .i.
1107 928 1330 976 denarium,
1352 933 1391 967 et
1423 929 1499 967 Ulf
1524 934 1563 968 et
1592 930 1828 968 Lambertus
1848 931 1892 968 .i.
1914 931 2139 969 denarium.
2198 931 2248 968 In
2268 929 2379 969 ouria
2397 938 2492 971 sunt

488 988 571 1027 .iiii.
584 1001 757 1027 carrucae
773 991 824 1028 de
838 1003 943 1030 .xxx.
958 993 1099 1041 bobus,
1126 992 1133 1047 Ι
1158 1000 1196 1033 01
1212 996 1304 1034 .viii.
1324 997 1504 1044 bubulci,
1518 998 1687 1047 quisque
1699 998 1819 1036 habet
1830 998 2036 1035 dimidiam
2051 998 2202 1048 virgam
2221 999 2271 1035 de
2286 999 2462 1038 dominio
2482 1013 2493 1047 ς

489 1060 529 1094 01
548 1057 604 1095 .11.
624 1069 738 1095 aures
756 1063 796 1096 et
813 1060 1002 1099 undecies
1022 1075 1101 1101 .xx.
1121 1075 1223 1112 oves,
1243 1071 1282 1102 et
1304 1077 1385 1103 .xx.
1402 1067 1513 1115 porci
1532 1071 1571 1104 et
1592 1079 1647 1105 .x.
1666 1067 1906 1116 hoggastres.
1962 1066 2015 1104 Et
2029 1066 2114 1104 haec
2133 1067 2227 1104 villa
2245 1071 2304 1105 est
2321 1068 2373 1105 ad
2392 1081 2492 1118 opus

488 1125 675 1162 aecclesiae
693 1125 819 1163 sancti
839 1124 947 1164 Petri
966 1128 1016 1165 de
1036 1129 1185 1179 Burch,
1205 1135 1244 1169 et
1262 1132 1365 1170 valet
1386 1133 1473 1171 .xii.
1494 1133 1614 1172 libras
1631 1146 1704 1183 per
1720 1146 1888 1173 annum.
1945 1134 2012 1172 Ad
2025 1136 2229 1173 caritatem
2243 1136 2369 1184 sancti
2382 1136 2490 1174 Petri

489 1193 574 1232 .iiii.
592 1194 732 1232 arietes
751 1195 831 1233 dat.

487 1332 644 1369 dimidii
670 1332 821 1370 villani.
880 1332 934 1369 Et
963 1332 1048 1370 .xii.
1078 1331 1189 1380 pleni
1206 1332 1343 1369 villani
1373 1338 1588 1382 operantur
1617 1334 1686 1373 .iii.
1707 1335 1847 1372 diebus
1865 1335 1907 1372 in
1926 1336 2160 1383 ebdomada,
2189 1340 2229 1374 et
2248 1337 2304 1377 .ii.
2335 1337 2491 1374 dimidii

484 1399 633 1446 villani,
649 1404 844 1448 quantum
856 1400 908 1436 ad
927 1411 992 1437 eos
1009 1399 1193 1448 pertinet.
1249 1399 1399 1438 Omnes
1425 1401 1490 1439 isti
1507 1405 1623 1439 arant
1642 1413 1722 1440 .xx.
1742 1414 1853 1440 acras
1869 1403 1921 1440 ad
1946 1397 2159 1454 biverna'ge
2178 1418 2189 1451 ;
2208 1408 2247 1442 et
2263 1404 2315 1441 ad
2333 1405 2493 1442 tremeis

484 1468 575 1506 .va
596 1472 635 1506 01
653 1480 789 1506 omnes
805 1469 869 1506 isti
888 1469 1064 1506 reddunt
1083 1468 1134 1505 de
1152 1469 1442 1507 consuetudine
1462 1482 1512 1508 .v.
1532 1470 1677 1507 solidos
1694 1475 1788 1508 ante
1806 1471 1961 1519 Natale,
1982 1475 2022 1509 et
2039 1484 2091 1510 .v.
2110 1471 2256 1509 solidos
2281 1473 2333 1509 ad
2353 1473 2490 1520 Pasca.,

480 1541 523 1576 et
534 1537 662 1578 „xxvi
680 1537 860 1586 gallinas,
890 1541 929 1574 et
948 1549 1020 1575 .cc.
1038 1549 1121 1575 ova.
1192 1536 1246 1575 Et
1272 1537 1338 1575 isti
1356 1538 1442 1576 .xii.
1462 1538 1599 1575 villani
1626 1543 1765 1577 tenent
1795 1540 1852 1579 .11.
1883 1540 2027 1588 hidas;
2054 1545 2113 1579 set
2139 1542 2260 1578 abbas
2285 1542 2493 1590 adquietat

485 1606 531 1644 .i.
554 1605 711 1651 iudam,
742 1617 835 1642 cum
865 1605 923 1643 .ii.
954 1605 1130 1642 dimidiis
1161 1605 1330 1644 villanis.
1389 1606 1443 1643 Et
1470 1606 1526 1644 ibi
1554 1612 1648 1645 sunt
1677 1608 1736 1646 .ii.
1765 1608 2007 1657 molendina,
2027 1613 2066 1647 et
2094 1608 2293 1647 Ricardus
2311 1621 2356 1647 ea
2382 1614 2492 1648 tenet

484 1685 579 1711 eum
592 1673 647 1711 .ii.
661 1674 780 1722 vingis
798 1678 912 1710 terrae
932 1678 971 1711 et
984 1673 1116 1711 reddit
1134 1673 1229 1710 inde
1243 1673 1316 1712 .1x.
1333 1673 1492 1712 solidos.
1551 1674 1605 1712 Et
1617 1675 1815 1712 Radulfus
1834 1676 1988 1724 Papilio
2000 1680 2111 1714 tenet
2121 1677 2329 1714 dimidiam
2339 1678 2494 1734 hidam,-

473 1747 524 1780 „et
542 1742 636 1781 inde
654 1741 785 1779 reddit
807 1754 863 1779 .x.
884 1741 1029 1778 solidos
1049 1752 1122 1790 pro
1140 1741 1325 1778 omnibus
1353 1742 1708 1779 consuetudinibus
1725 1754 1797 1791 per
1813 1755 1981 1780 annum.
2037 1743 2091 1781 Et
2110 1743 2360 1781 Levenothus
2379 1748 2489 1782 tenet

486 1811 544 1848 .ii.
565 1822 686 1856 acras,
715 1814 754 1847 et
781 1810 876 1849 inde
903 1809 1036 1847 reddit
1055 1809 1111 1848 .ii.
1132 1809 1275 1847 solidos
1292 1821 1364 1858 per
1389 1821 1554 1848 annum.
1611 1810 1665 1848 Et
1692 1815 1786 1848 sunt
1803 1811 1859 1848 ibi
1881 1812 1939 1850 .ii.
1959 1812 2079 1861 virgae
2098 1824 2232 1849 vacuae
2252 1816 2291 1850 et
2310 1813 2489 1861 dimidia,

470 1891 581 1926 ¹quas
604 1878 838 1927 praepositus
862 1878 965 1915 locat
990 1890 1063 1928 pro
1084 1877 1155 1916 .iii.
1184 1877 1334 1916 solidis.
1406 1877 1583 1915 Malerbe
1610 1882 1720 1917 tenet
1755 1880 1799 1918 .i.
1833 1879 1984 1929 virgam
2013 1892 2085 1929 per
2115 1880 2324 1918 servicium
2354 1893 2486 1919 suum.

483 1946 690 1984 Predictus
709 1945 960 1985 Levenothus
978 1949 1087 1983 tenet
1105 1949 1145 1983 et
1163 1946 1371 1983 dimidiam
1388 1946 1525 1983 hidam
1543 1947 1586 1983 in
1601 1946 1728 1985 feodo.
1786 1947 1854 1984 Ad
1873 1947 2018 1985 festum
2030 1948 2167 1986 Sancti
2186 1949 2294 1986 Petri
2311 1950 2488 1986 reddunt

482 2014 617 2051 villani
653 2014 724 2053 .iii.
756 2015 910 2061 arietes,
939 2018 978 2051 et
997 2014 1047 2050 de
1077 2013 1188 2051 curia
1217 2025 1292 2052 .cc.
1321 2025 1456 2062 panes.
1512 2014 1697 2052 Predicta
1714 2015 1944 2052 molendina
1961 2016 2137 2053 reddunt
2157 2028 2254 2054 .ccc.
2275 2017 2487 2066 anguillas.

481 2082 530 2119 In
550 2081 661 2119 curia
692 2086 786 2119 sunt
815 2081 871 2119 .ii.
902 2092 1076 2118 carrucae
1106 2080 1157 2117 de
1191 2080 1289 2118 ,xvi.
1318 2081 1457 2128 bobuS‚
1477 2085 1516 2118 et
1539 2081 1582 2119 .i.
1611 2093 1709 2118 aura
1737 2093 1831 2119 cum
1858 2082 1984 2130 pullo,
2015 2086 2054 2119 et
2085 2082 2156 2120 .iii.
2179 2094 2321 2130 vaccae,
2341 2087 2380 2120 et
2401 2084 2491 2121 .iiii.

479 2152 608 2199 vituli,
629 2155 668 2189 et
686 2151 811 2188 sexies
830 2161 911 2199 .xx.
941 2161 1044 2196 oves,
1063 2153 1102 2186 et
1124 2149 1195 2187 .1x.
1218 2148 1372 2196 arietes,
1392 2153 1432 2186 et
1450 2149 1663 2199 quinquies
1690 2162 1771 2189 .xx.
1801 2150 1908 2200 agni,
1929 2155 1968 2188 et
1993 2163 2049 2189 .x.
2069 2154 2109 2187 et
2136 2151 2221 2189 .iiii.
2242 2163 2345 2198 sues,
2367 2156 2406 2189 et
2427 2152 2486 2190 .ii.

478 2232 619 2267 verres,
638 2224 678 2257 et
697 2219 792 2257 .xix.
811 2218 921 2267 porci
942 2218 985 2256 .i.
1013 2217 1122 2264 anni,
1147 2214 1219 2269 {.et
1239 2217 1349 2255 .xvii,
1379 2218 1554 2266 porcelli.
1610 2219 1664 2256 Et
1690 2219 1861 2268 predicti
1890 2219 2026 2256 villani
2053 2219 2263 2257 adducunt
2291 2221 2341 2257 de
2369 2222 2487 2258 bosco

477 2288 563 2329 .xii.
584 2292 756 2326 careatas
775 2287 874 2336 ligni
893 2291 932 2324 et
953 2286 1042 2326 .xii.
1063 2286 1113 2324 de
1132 2286 1299 2324 closura.
1360 2285 1413 2323 Et
1433 2286 1488 2323 ibi
1507 2291 1600 2326 sunt
1614 2287 1702 2326 .iiii.
1719 2288 1882 2336 bovarii,
1896 2288 2172 2337 unusquisque
2190 2300 2328 2326 eorum
2346 2292 2486 2326 tenens

460 2370 530 2396 ⁴av.
551 2369 672 2404 acras,
692 2362 731 2393 et
752 2356 795 2394 .i.
816 2355 1057 2402 bercharius,
1077 2354 1147 2405 qui
1166 2358 1275 2393 tenet
1293 2355 1533 2393 bordellum.

529 2426 578 2462 In
600 2425 793 2463 Glintona
811 2428 906 2461 sunt
928 2423 1000 2462 .iii.
1021 2423 1127 2461 hidae
1147 2423 1189 2459 in
1209 2423 1401 2469 dominio,
1422 2427 1461 2460 et
1478 2423 1577 2461 .xiii.
1597 2423 1707 2473 pleni
1725 2424 1877 2471 villani,
1898 2428 1938 2462 01
1957 2424 2052 2463 .viii.
2075 2423 2245 2471 dimidii,
2258 2428 2297 2462 et
2314 2425 2380 2463 .vi.
2394 2426 2483 2463 bor-

461 2494 589 2529 .>darii.
647 2493 762 2542 Pleni
794 2492 931 2529 villani
964 2495 1179 2540 operantur
1199 2492 1271 2529 .iii.
1293 2492 1435 2531 diebus
1462 2492 1504 2528 in
1537 2493 1774 2531 ebdomada.
1832 2493 1999 2531 Dimidii
2029 2493 2166 2530 villani
2199 2497 2396 2542 quantum
2427 2494 2482 2530 eis

476 2561 661 2609 pertinet,
680 2565 719 2598 et
737 2560 911 2597 bordarii
931 2560 1139 2596 verberant
1160 2559 1219 2597 .ii.
1242 2559 1383 2598 diebus
1400 2559 1444 2595 in
1464 2560 1686 2599 ebdomada
1704 2561 1747 2598 in
1766 2561 1889 2608 curia,
1915 2565 1955 2599 et
1974 2561 2163 2610 navigant
2196 2562 2267 2598 ubi
2296 2561 2481 2599 dominus

460 2628 670 2677 praecipit.
729 2627 782 2664 Et
801 2638 936 2663 omnes
954 2626 1090 2663 villani
1108 2630 1223 2663 arant
1240 2626 1376 2664 ‚xx-vii.
1396 2638 1521 2665 acras.
1566 2628 1620 2665 Et
1646 2632 1792 2676 praeter
1809 2629 1885 2667 hoc
1904 2629 2057 2667 faciunt
2072 2629 2142 2667 .iii.
2161 2629 2419 2677 praecationes
2438 2631 2480 2667 in

474 2709 595 2734 anno.
627 2695 680 2733 Et
694 2695 744 2732 de
758 2706 1000 2743 unaquaque
1019 2705 1183 2731 carruca
1200 2693 1409 2732 adducunt
1425 2694 1475 2731 de
1488 2696 1606 2732 bosco
1621 2696 1694 2733 .iii.
1711 2701 1885 2734 careatus
1895 2697 1995 2745 ligni
2013 2697 2065 2735 ad
2083 2696 2234 2736 Burch.
2266 2697 2320 2734 Et
2334 2698 2481 2735 debent

458 2765 620 2802 -sieeare
640 2763 690 2801 de
708 2764 827 2800 bosco
842 2762 1011 2800 Abbatis
1032 2761 1090 2800 .ii.
1111 2764 1284 2799 careatas
1303 2765 1342 2799 et
1360 2761 1559 2800 adducere
1583 2763 1635 2799 ad
1659 2763 1808 2801 Burch.
1866 2764 1919 2801 Et
1938 2765 2084 2803 debent
2103 2765 2198 2803 dare
2219 2765 2319 2804 .xxi.
2337 2765 2480 2814 sallops

474 2844 613 2879 avene,
634 2836 674 2869 et
691 2832 857 2869 totidem
877 2841 1011 2880 panes,
1031 2833 1070 2867 et
1088 2829 1255 2867 totidem
1272 2828 1453 2878 gallinas.
1509 2829 1563 2867 Et
1580 2830 1755 2868 bordarii
1775 2830 1873 2867 dant
1894 2831 1963 2869 .iii.
1984 2831 2177 2878 denarios,
2191 2836 2231 2869 01
2247 2832 2319 2871 .111.
2340 2845 2477 2882 panes,

459 2907 514 2940 ..01
535 2902 609 2940 .ἰί1.
630 2901 815 2950 gallinas.
887 2899 941 2936 Et
972 2910 1108 2936 omnes
1139 2897 1277 2936 villani
1309 2897 1407 2935 dant
1426 2897 1520 2935 ‚xvi.
1541 2908 1710 2944 anseres,
1743 2901 1782 2934 01
1802 2897 1894 2936 .xlv.
1913 2897 2093 2947 gallinas,
2121 2902 2160 2936 01
2181 2903 2301 2939 .0000.
2323 2912 2395 2938 ova
2425 2903 2477 2939 ad

474 2969 611 3006 Pasca.
670 2967 724 3005 Et
744 2967 806 3003 'ad
836 2966 1039 3003 caritatem
1066 2965 1203 3003 Sancti
1236 2964 1344 3003 Petri
1375 2965 1472 3002 dant
1504 2965 1590 3003 .iiii.
1623 2964 1776 3012 3110100,
1809 2968 1848 3002 01
1878 2975 1932 3003 .Χ.
1958 2964 2072 3002 ulnas
2105 2965 2155 3004 de
2182 2978 2327 3017 panno,
2356 2972 2396 3006 et
2421 2981 2476 3008 .X.

459 3038 613 3084 zdiscos,
636 3040 676 3074 et
707 3036 758 3074 de
785 3035 908 3082 curia,
931 3047 1028 3073 .000.
1062 3047 1198 3084 panes.
1256 3034 1309 3072 Et
1336 3035 1512 3073 reddunt
1544 3034 1625 3073 .vii.
1656 3034 1814 3081 solidos,
1832 3037 1871 3071 et
1891 3033 1959 3072 .iii.
1979 3032 2173 3071 denarios.
2231 3032 2286 3071 Et
2312 3034 2478 3073 clericus

473 3106 607 3144 reddit
633 3116 706 3154 pro
726 3104 769 3142 .i.
790 3104 900 3153 virga
931 3107 1045 3141 terrae
1076 3116 1129 3142 .v.
1159 3103 1317 3151 solidos,
1348 3110 1388 3141 et
1408 3104 1495 3142 .iiii.
1526 3102 1718 3150 denarios,
1747 3106 1786 3139 et
1816 3113 1870 3140 .x.
1900 3113 2055 3139 anseres
2082 3101 2267 3151 salvages.
2337 3102 2391 3140 Et
2423 3104 2480 3142 ibi

461 3177 533 3211 Δ0111
554 3173 597 3211 ,1.
627 3183 786 3220 auceps,
812 3170 882 3219 qui
911 3173 1020 3207 tenet
1041 3170 1124 3207 .vii.
1145 3182 1254 3207 acras
1284 3175 1323 3207 et
1356 3171 1576 3217 dimidiam,
1602 3170 1710 3207 unde
1737 3169 1869 3206 reddit
1890 3180 1945 3207 .x.
1966 3180 2122 3206 anseres
2153 3169 2341 3218 salvages.
2423 3170 2478 3209 Et

475 3241 539 3279 isti
575 3239 633 3279 .ii.
669 3239 816 3277 debent
847 3238 992 3275 habere
1022 3237 1062 3275 .i.
1097 3248 1269 3284 caseum,
1291 3238 1335 3276 .i.
1357 3238 1578 3285 denarium,
1600 3237 1761 3286 quando
1789 3237 1942 3274 faciunt
1972 3249 2083 3274 suam
2116 3237 2474 3286 praesentationem.

470 3308 530 3346 -Et
571 3307 716 3345 Seman
762 3305 895 3343 reddit
936 3304 1024 3343 .iiii.
1049 3304 1192 3341 solidos
1218 3316 1290 3353 pro
1319 3305 1362 3342 .i.
1393 3305 1515 3354 virga.
1585 3304 1639 3342 Et
1677 3304 1874 3341 Eilmerus
1909 3304 2041 3341 reddit
2073 3304 2124 3341 de
2159 3305 2367 3353 piscatoria
2404 3307 2473 3345 .vi.

109 3394 212 3442 (fol.
236 3394 308 3434 vii.
329 3393 406 3445 22⁰.)
468 3376 632 3422 solidos,
652 3380 706 3413 et.
727 3375 797 3412 xii.
819 3373 999 3411 denarios
1017 3372 1067 3409 de
1086 3372 1204 3409 domo
1229 3384 1314 3410 sua.
1342 3368 1349 3423 Ι
1375 3372 1427 3409 Ε1
1454 3372 1627 3410 bordarii
1655 3372 1831 3410 reddunt
1851 3372 1918 3410 .vi.
1939 3372 2082 3409 solidos
2109 3377 2149 3410 01
2170 3372 2257 3412 .1111.
2278 3373 2474 3412 denarios.

477 3443 706 3483 Gualterius
734 3441 867 3481 reddit
895 3441 957 3479 .ii.
981 3439 1125 3477 solidos
1159 3451 1230 3490 pro
1263 3440 1347 3478 .xii.
1385 3441 1485 3478 acris
1522 3441 1572 3478 de
1607 3440 1833 3478 socheland.
1893 3439 1946 3477 Et
1976 3439 2178 3478 Leofricus
2209 3440 2259 3479 (10
2292 3439 2474 3481 Marham
