2774 3952
105 1148 210 1198 (fol.
227 1149 282 1189 xi.
302 1151 378 1202 νο.)

101 2106 206 2156 (soz.
225 2107 307 2148 xii.
323 2109 395 2159 φο.)

101 3186 201 3240 (soc.
223 3188 298 3228 xii.
319 3189 398 3240 νο.)

487 397 588 443 166
1319 408 1652 445 APPENDIX.

479 539 760 582 mensuratam,
780 539 819 572 et
841 535 952 574 .xvii.
973 535 1153 573 homines
1171 547 1252 573 non
1271 535 1461 574 habentes
1479 540 1603 573 terras
1625 539 1770 585 praeter
1786 547 2006 586 mansuras,
2027 542 2068 576 et
2094 538 2138 576 hi
2164 544 2258 578 sunt
2287 540 2329 578 in
2359 539 2487 579 Ham-

476 604 683 642 tonascire.
739 603 845 641 Sunt
863 604 982 643 etiam
1000 605 1043 642 in
1063 605 1202 643 eadem
1221 605 1323 642 scira
1344 617 1424 643 .xv.
1448 605 1703 653 Undersetes,
1722 606 1793 654 qui
1812 605 1972 645 nullum
1998 608 2207 646 servicium
2233 609 2386 648 faciunt
2411 611 2487 648 nisi

478 673 698 710 husbondis
716 673 759 709 in
778 685 950 721 quorum
968 677 1074 711 terra
1101 674 1253 712 sedent.
1310 674 1362 711 Et
1382 674 1424 710 in
1454 673 1650 711 Lincolna
1676 674 1777 711 scira
1796 686 1846 713 .v.
1867 675 2047 714 homines
2065 688 2160 714 cum
2178 679 2374 716 mansuris
2390 680 2486 728 suis,

479 745 519 779 et
539 741 597 779 .ii.
619 753 815 779 mansurae
835 754 983 780 vacuae.
1042 742 1095 780 Et
1113 742 1177 780 isti
1206 754 1343 780 omnes
1370 742 1548 780 reddunt
1569 743 1653 781 ‚xii.
1675 743 1807 782 libras.
1865 743 2062 782 Praeterea
2087 744 2264 783 reddunt
2278 748 2488 785 monetarii

478 807 530 845 de
548 807 786 846 cambitione
803 808 969 846 mercati
989 808 1149 847 Undele
1168 813 1207 846 et
1227 809 1363 846 Burch
1383 809 1425 846 in
1445 809 1613 855 Pascha,
1636 821 1720 848 αα.
1741 809 1902 858 solidos,
1922 814 1962 848 et
1989 811 2040 848 de
2067 815 2184 850 torno
2215 816 2373 850 monete
2402 825 2486 852 αα.

477 875 639 915 solidos.

532 944 583 982 In
604 943 809 982 Hamtona
826 945 1028 994 pertinent
1046 946 1098 983 ad
1112 946 1313 983 abbatiam
1333 946 1383 983 de
1404 945 1540 983 Burch
1556 945 1671 985 aiiii.
1687 946 1882 994 homines,
1901 958 2073 995 quorum
2093 945 2180 986 ,xii.
2201 947 2300 986 dant
2318 949 2488 998 quisque

476 1013 571 1052 ‚xvi.
593 1013 789 1050 denarios.
847 1013 901 1050 Et
922 1013 1111 1051 Warinus
1132 1013 1285 1051 Mansel
1306 1014 1452 1053 .xxxii.
1476 1014 1671 1054 denarios.
1726 1014 1780 1053 Et
1807 1027 1913 1053 unus
1941 1015 2010 1054 dat
2029 1015 2125 1055 .viii.
2147 1016 2343 1065 denarios,
2363 1021 2403 1055 et
2421 1017 2487 1056 hic

475 1084 533 1118 est
552 1080 731 1118 bedellus
748 1080 932 1119 aliorum.
990 1082 1054 1119 Ibi
1073 1086 1167 1120 sunt
1188 1082 1246 1121 .ii.
1268 1094 1435 1121 masurae
1455 1095 1603 1122 vacuae.

497 1145 504 1200 Ι
530 1148 580 1184 In
599 1147 849 1184 Aldewinela
867 1152 961 1185 sunt
983 1148 1055 1186 .iii.
1077 1149 1184 1196 hide,
1204 1153 1244 1187 et
1263 1149 1314 1186 de
1333 1150 1394 1186 his
1422 1154 1481 1187 est
1508 1149 1551 1187 in
1580 1149 1757 1188 dominio
1787 1149 1829 1189 .i.
1857 1150 1968 1197 hida,
1989 1154 2029 1188 et
2048 1150 2091 1187 in
2110 1150 2167 1190 .ii.
2188 1150 2293 1189 hidis
2322 1155 2488 1189 manent

475 1216 576 1255 ‚xiii.
596 1215 746 1263 villani,
766 1219 805 1253 et
825 1215 868 1254 .i.
887 1216 1094 1265 presbiter,
1114 1221 1155 1255 et
1172 1217 1226 1255 .ii.
1247 1218 1397 1265 cotseti,
1425 1222 1466 1255 et
1496 1218 1583 1257 .iiii.
1614 1218 1793 1266 bubulci,
1814 1231 1985 1267 quorum
2015 1219 2086 1258 .iii.
2115 1224 2279 1258 manent
2306 1220 2348 1256 in
2381 1224 2488 1258 terra

472 1285 724 1331 villanorum,
747 1288 786 1321 et
810 1285 850 1322 .i.
871 1285 1162 1323 sochemannus
1180 1285 1263 1324 .iiii.
1282 1290 1436 1335 partem
1458 1287 1497 1325 .i.
1519 1287 1653 1336 virgae.
1713 1287 1779 1324 Ibi
1808 1291 1903 1325 sunt
1921 1292 2009 1326 octo
2037 1300 2161 1326 vacue
2189 1300 2279 1337 quae
2308 1288 2488 1327 reddunt

474 1351 587 1390 .xxii‚
617 1352 777 1391 solidos.
834 1352 885 1390 In
923 1353 1101 1391 dominio
1138 1353 1198 1392 .ii.
1232 1365 1420 1402 carrucae,
1448 1365 1621 1404 quaeque
1653 1354 1704 1392 de
1737 1354 1834 1393 aviii.
1870 1355 2012 1394 bobus.
2070 1354 2221 1392 villani
2257 1355 2406 1394 habent
2435 1369 2485 1396 .v.

472 1430 670 1457 carrucas.

526 1487 578 1525 In
598 1487 764 1538 Yrtling
782 1488 919 1527 Burch
951 1501 1006 1528 .Χ.
1036 1489 1156 1537 hidae,
1183 1494 1223 1528 et
1253 1489 1303 1527 de
1335 1489 1397 1527 his
1424 1492 1520 1527 sunt
1548 1488 1591 1526 in
1624 1489 1802 1527 dominio
1831 1488 1888 1527 .ii.
1908 1489 2028 1537 hidae,
2048 1493 2088 1527 et
2105 1489 2176 1529 .iii.
2197 1490 2346 1539 villani,
2366 1496 2406 1530 et
2426 1504 2485 1531 .x.

472 1556 630 1593 dimidii
656 1557 806 1605 villani,
829 1558 873 1596 .i.
902 1558 1052 1596 hidam.
1109 1557 1309 1596 Presbiter
1337 1557 1378 1596 .i.
1409 1557 1575 1606 virgam,
1608 1560 1647 1594 et
1683 1556 1740 1594 .ii.
1775 1556 2044 1604 sochemanni,
2076 1561 2116 1595 et
2153 1558 2195 1596 .i.
2229 1559 2413 1597 bovatam
2447 1565 2487 1603 et

472 1623 696 1669 dimidiam,
717 1627 756 1661 et
776 1624 835 1662 .ii.
856 1624 1006 1672 cotseti,
1027 1628 1067 1662 et
1087 1624 1173 1663 .iiii.
1192 1624 1359 1662 bubulci
1386 1628 1481 1661 sunt
1509 1623 1581 1661 ibi.
1639 1622 1690 1659 In
1719 1623 1831 1660 curia
1857 1623 1913 1661 .ii.
1935 1635 2110 1662 carrueae
2139 1624 2190 1661 de
2220 1625 2315 1664 ‚xvi.
2345 1618 2489 1675 bobus,

473 1691 518 1729 .i.
538 1703 651 1739 aura,
675 1691 747 1730 .iii.
769 1704 897 1730 vaccae
917 1704 1010 1730 cum
1029 1693 1176 1740 vitulis,
1196 1697 1235 1730 et
1257 1693 1300 1732 .i.
1321 1696 1474 1739 taurus,
1497 1696 1536 1729 et
1557 1691 1601 1730 .i.
1623 1691 1773 1728 animal
1801 1691 1985 1739 otiosum,
2004 1703 2055 1730 .c.
2077 1703 2179 1740 oves,
2198 1696 2238 1730 et
2259 1693 2303 1731 .i.
2333 1694 2484 1731 molen-

471 1759 613 1796 dinum
643 1760 693 1797 de
728 1772 810 1799 .xx.
845 1761 995 1799 solidis.
1054 1761 1116 1798 De
1148 1761 1331 1798 mercede
1361 1765 1558 1798 terrarum
1591 1763 1630 1797 et
1659 1763 1863 1808 pratorum
1895 1770 1977 1797 .xx.
2006 1759 2137 1798 solidi.
2194 1760 2258 1797 Ibi
2285 1765 2342 1799 est
2361 1774 2486 1799 vacua

470 1827 514 1865 .i.
535 1827 631 1864 hida
650 1827 816 1865 dimidia
834 1829 945 1878 virga
967 1829 1114 1866 minus.
1171 1828 1234 1866 De
1261 1827 1552 1865 consuetudine
1578 1830 1775 1864 terrarum
1796 1826 1870 1865 .iii.
1898 1826 2029 1865 solidi.
2087 1826 2237 1864 villani
2255 1828 2405 1868 habent
2426 1843 2482 1870 .ν.

467 1908 667 1934 carrucas.

521 1964 572 2002 In
595 1963 825 2015 Stanwigga
846 1965 917 2003 .iii.
936 1965 1042 2003 hidae
1063 1965 1114 2002 de
1133 1965 1283 2013 quibus
1305 1963 1361 2002 .ii.
1380 1966 1477 2001 sunt
1496 1963 1538 2000 in
1559 1963 1750 2001 dominio.
1808 1962 1912 2000 Inde
1931 1963 1986 2002 .ii.
2002 1963 2111 2002 hidae
2131 1967 2171 2002 et
2190 1964 2359 2003 dimidia
2386 1972 2482 2005 sunt

465 2034 508 2071 in
530 2033 865 2080 Bedefordascira‚
886 2038 926 2071 et
945 2033 1007 2071 hae
1030 2033 1090 2071 .ii.
1113 2033 1218 2069 hidae
1249 2036 1288 2070 et
1307 2031 1474 2068 dimidia
1492 2031 1670 2068 serviunt
1688 2029 1859 2068 abbatiae
1887 2043 1960 2079 pro
1983 2031 2026 2069 .i.
2046 2031 2158 2070 hida.
2214 2031 2309 2070 Alia
2326 2039 2420 2072 sunt
2438 2036 2481 2072 in

467 2100 785 2140 Hamtonascira.
843 2102 908 2139 Ibi
938 2106 1032 2139 sunt
1062 2101 1134 2140 .ix.
1164 2100 1315 2148 villani,
1335 2104 1374 2137 et
1411 2099 1512 2138 .xiii.
1533 2098 1691 2135 dimidii
1709 2098 1847 2136 villani
1862 2103 1901 2136 et
1919 2099 1974 2138 .ii.
2002 2096 2010 2150 Ι
2034 2100 2188 2147 eotseti,
2209 2105 2249 2138 et
2270 2102 2314 2140 .i.
2334 2107 2482 2151 pastor,

467 2170 525 2208 .ii.
556 2170 723 2208 bubulci
753 2174 792 2208 et
824 2170 867 2209 .i.
897 2170 1106 2219 presbiter,
1137 2169 1208 2218 qui
1235 2169 1356 2206 habet
1384 2168 1425 2207 .i.
1447 2168 1612 2217 virgam,
1631 2171 1672 2205 et
1692 2167 1733 2205 .i.
1755 2167 2069 2206 molendinarius
2095 2168 2217 2206 habet
2248 2169 2294 2207 .i.
2314 2170 2479 2220 virgam.

466 2238 528 2275 De
553 2238 714 2275 redditu
744 2238 815 2276 ‚lx.
845 2238 974 2286 solidi,
1006 2238 1092 2277 ‚xii.
1124 2236 1298 2275 denariis
1326 2235 1475 2282 minus,
1509 2247 1604 2272 cum
1635 2234 1882 2273 molendino.
1941 2235 1992 2272 In
2025 2236 2138 2273 curia
2159 2236 2216 2275 .ii.
2236 2249 2411 2276 carrucae
2429 2239 2480 2276 de

467 2306 562 2344 .xvi.
583 2305 723 2352 bobus,
742 2309 782 2342 et
803 2304 843 2343 .i.
868 2317 979 2354 aure,
1001 2317 1082 2344 .xv.
1103 2303 1226 2353 porci,
1246 2307 1286 2341 et
1306 2315 1359 2341 .c.
1381 2314 1487 2341 oves,
1544 2301 1695 2339 Villani
1714 2301 1865 2339 habent
1886 2301 1959 2340 .ix,
1980 2314 2177 2342 carrucas.

830 2428 903 2466 Isti
921 2431 1015 2465 sunt
1033 2426 1213 2465 redditus
1231 2425 1501 2463 maneriorum
1521 2425 1571 2462 de
1591 2423 1767 2461 Abbatia
1785 2424 1836 2462 de
1856 2423 2005 2463 Burch.

521 2510 583 2547 De
613 2510 847 2559 Keteringes
879 2510 1006 2548 .xxvi.
1039 2509 1160 2546 libras
1188 2509 1239 2546 de
1271 2509 1386 2545 firma
1417 2519 1488 2557 per
1520 2519 1686 2545 annum.
1743 2506 1805 2545 De
1837 2506 2071 2557 Tineguella
2103 2519 2187 2546 .xv.
2223 2507 2358 2546 libras.
2416 2509 2478 2548 De

467 2577 626 2614 Undele
652 2576 725 2615 .xi.
754 2576 875 2614 libras
903 2583 942 2613 et
963 2576 1061 2613 .viii.
1083 2575 1236 2612 modios
1263 2575 1469 2621 frumenti,
1490 2578 1531 2612 et
1551 2574 1650 2613 .viii.
1670 2574 1824 2612 modios
1852 2575 1902 2612 de
1932 2575 2062 2613 brasio
2082 2579 2121 2613 et
2139 2576 2258 2624 grud,
2278 2581 2317 2614 et
2334 2582 2480 2626 praeter

464 2646 568 2682 hanc
585 2645 741 2681 firmam
762 2644 805 2683 .i.
826 2655 984 2680 vaccam
1004 2644 1054 2680 de
1073 2643 1211 2681 ‚xxxii.
1233 2643 1405 2680 denariis
1430 2646 1470 2680 et
1499 2654 1596 2681 .ccc.
1617 2655 1739 2692 panes
1765 2643 1818 2680 ad
1846 2643 2051 2681 caritatem
2080 2644 2216 2682 Sancti
2236 2645 2359 2684 Petri.
2417 2646 2479 2684 De

468 2781 555 2820 .iiii.
576 2785 615 2819 et
634 2780 847 2818 dimidium
866 2780 916 2817 de
933 2779 1064 2818 brasio
1083 2782 1123 2816 et
1139 2778 1260 2828 grud.
1319 2778 1382 2815 De
1397 2777 1659 2827 Cotingeham
1681 2778 1924 2816 .xii.1ibra.s.
1981 2779 2045 2817 De
2064 2780 2215 2817 Estona
2235 2780 2320 2818 .xii.
2341 2780 2476 2819 libras.

467 2851 529 2888 De
549 2848 826 2887 Wermintona
845 2860 902 2887 .x.
936 2848 1071 2895 libras,
1099 2850 1140 2885 et
1175 2846 1260 2885 .xii‚
1290 2846 1443 2884 modios
1475 2845 1682 2892 frumenti,
1713 2849 1752 2883 et
1781 2846 1877 2884 ,viii.
1913 2846 1963 2883 de
1995 2847 2124 2884 brasio
2155 2852 2194 2884 et
2222 2847 2342 2896 grud.
2413 2848 2476 2886 De

466 2917 629 2955 Turlebi
650 2917 721 2955 .lx.
751 2916 910 2955 solidos.
968 2915 1031 2953 De
1059 2914 1288 2952 Alwoltona
1310 2913 1398 2951 .iiii.
1419 2913 1540 2950 libras
1570 2916 1610 2950 et
1639 2911 1723 2950 .iiii.
1747 2911 1900 2949 modios
1926 2915 1966 2949 et
1994 2912 2206 2950 dimidium
2225 2915 2416 2953 frumenti
2437 2921 2477 2954 et

468 2986 556 3024 .iiii.
576 2985 729 3023 modios
756 2979 795 3023 et
823 2984 1037 3022 dimidium
1057 2984 1107 3021 de
1134 2982 1264 3020 brasio
1292 2986 1332 3019 et
1359 2981 1479 3031 grud.
1535 2980 1598 3018 De
1618 2979 1868 3018 Wirrintona
1888 2980 1959 3018 ‚xl.
1980 2980 2126 3019 solidos
2154 2985 2194 3019 et
2215 2981 2304 3020 .iiii.
2325 2983 2478 3021 modios

465 3054 657 3093 frumenti
686 3058 726 3091 et
759 3053 846 3092 .iiii.
873 3053 1025 3090 modios
1053 3053 1104 3089 de
1131 3051 1260 3089 brasio
1290 3055 1330 3088 et
1361 3050 1481 3100 grud.
1539 3049 1601 3087 De
1631 3049 1767 3098 Burgo
1798 3060 1908 3087 mxx.
1938 3049 2072 3088 libras.
2130 3050 2193 3088 De
2212 3050 2384 3088 Esctona
2406 3053 2474 3090 .vi.

465 3123 599 3170 libras,
618 3125 658 3159 et
679 3121 766 3160 .iiii.
786 3120 939 3158 modios
968 3120 1174 3166 frumenti,
1208 3123 1248 3156 et
1279 3117 1351 3156 .iii.
1379 3116 1532 3154 modios
1565 3117 1615 3154 de
1646 3116 1776 3154 brasio
1805 3120 1844 3154 et
1871 3117 1990 3166 grud,
2012 3121 2051 3155 et
2072 3117 2116 3156 .i.
2138 3118 2317 3155 modium
2336 3131 2475 3158 avene.

467 3193 531 3230 De
549 3190 742 3230 Glintona
762 3201 814 3228 .c.
834 3188 978 3227 solidos
1002 3185 1007 3240 Ι
1033 3192 1071 3226 et
1098 3187 1197 3225 .viii.
1223 3186 1376 3224 modios
1402 3185 1606 3232 frumenti,
1622 3189 1662 3222 et
1688 3185 1784 3223 .viii.
1805 3185 1957 3223 modios
1973 3197 2109 3225 avene.
2166 3186 2228 3224 De
2249 3187 2384 3225 Castre
2406 3189 2474 3227 ‚vi-

467 3261 600 3307 libras,
619 3263 659 3297 et
680 3258 764 3296 ‚xii.
785 3257 937 3295 modios
955 3255 1160 3303 frumenti,
1187 3258 1228 3292 et
1257 3254 1357 3292 miii.
1387 3253 1540 3290 modios
1568 3253 1619 3290 de
1651 3252 1782 3290 brasio
1809 3257 1848 3290 et
1880 3254 1997 3302 grud.
2056 3254 2118 3291 De
2139 3254 2369 3292 Fiscertona
2390 3267 2475 3294 ‚xx.

466 3330 587 3367 libras
604 3327 655 3364 ad
675 3326 858 3364 vestitum
886 3325 1186 3362 monachorum.
1245 3322 1307 3359 De
1327 3321 1587 3370 Colingeham
1609 3332 1693 3358 .xx.
1714 3320 1835 3358 libras
1866 3321 1918 3358 ad
1952 3323 2137 3360 vestitum
2171 3323 2473 3362 monachorum.

468 3399 529 3436 De
558 3396 718 3436 Scotere
738 3395 851 3434 xxii.
881 3394 1015 3431 libras.
1074 3392 1136 3430 De
1156 3390 1360 3428 Walecote
1382 3389 1473 3428 .iiii.
1494 3389 1615 3427 libras
1633 3393 1673 3427 et
1694 3401 1749 3428 .x.
1771 3390 1930 3429 solidos.
2003 3391 2065 3429 De
2085 3391 2404 3430 Gorberchirche
2423 3404 2474 3431 .c.
