2774 3952
90 1103 190 1155 (fol.
207 1115 275 1144 xx.
305 1105 383 1155 νο.)

89 2195 190 2246 (fot.
208 2209 276 2237 xx.
295 2197 374 2248 vo.)

1291 441 1625 479 Appmsmx.
2355 432 2454 480 183
2484 487 2489 492 ,

455 567 623 618 collegio
640 567 683 605 in
703 571 870 607 aeternas
887 580 1008 618 penas
1039 569 1223 608 societur.
1281 569 1416 621 Hujus
1443 571 1549 621 pacti
1567 570 1712 609 summi
1743 575 1861 609 testes
1887 570 2113 619 affluerunt,
2132 569 2461 621 Archiepiscopus

456 635 723 686 AEgelnothus
752 635 980 685 Cantuarie,
1010 641 1050 674 et
1078 637 1412 687 Arohiepiseopus
1441 638 1702 676 Eboracensis
1735 637 1954 684 Wlstanus,
1983 641 2023 675 et
2055 637 2252 675 dioceseos
2282 638 2460 687 pontifex

456 704 697 751 AEffiericus,
729 715 822 741 eum
840 704 924 753 ipso
942 704 1091 742 scilieet
1110 704 1218 754 Rege
1237 704 1375 743 Ounut
1393 710 1433 743 et
1453 705 1606 756 Regina
1625 705 1781 753 Emma,
1793 709 1834 743 et
1850 717 1996 754 magna
2013 705 2240 754 principum
2257 717 2303 742 ao
2322 706 2460 754 patrioe

455 772 580 810 curia.
638 772 718 809 Hic
736 776 870 810 autem
888 772 1063 822 ipsarum
1081 784 1276 824 aquarum
1294 773 1357 811 vel
1371 772 1569 822 paludum
1587 772 1782 811 terminus
1800 772 2051 820 describitur,
2068 783 2120 810 ne
2131 772 2221 821 quis
2239 772 2463 822 ignorantia

454 839 626 878 ledatur.

511 907 720 953 Quomodo
746 912 930 958 stagnum
960 909 1069 957 quod
1097 913 1259 947 vocatur
1278 908 1552 947 Witelesmere
1579 921 1673 947 oum
1700 909 1781 947 suis
1807 908 2025 958 piscuariis,
2044 908 2272 958 paludibus,
2291 914 2331 948 et
2348 910 2463 959 aquis

457 974 708 1012 terminatur.

515 1042 565 1079 In
596 1042 892 1092 septentrionali
922 1046 1033 1092 parte
1061 1043 1204 1093 stagni,
1229 1047 1287 1081 est
1317 1055 1423 1092 aqua
1453 1044 1616 1082 nomine
1645 1043 1847 1082 Merelade
1879 1044 2013 1082 exiens
2040 1044 2091 1081 de
2116 1056 2234 1082 amne
2262 1045 2371 1093 ΝΕΝ,
2393 1047 2463 1084 ubi

459 1111 654 1148 terminus
682 1111 997 1160 septentrionalis
1028 1116 1086 1149 est
1117 1112 1239 1161 ipsius
1266 1112 1409 1162 stagni.
1468 1112 1570 1151 Haeo
1589 1124 1680 1150 vero
1706 1125 1800 1150 oum
1827 1113 1908 1151 suis
1938 1112 2151 1162 paludibus
2177 1113 2236 1150 illi
2260 1111 2267 1165 Ι
2291 1115 2462 1164 adjacet,

460 1179 610 1217 habens
628 1180 670 1216 in
687 1179 768 1216 fine
784 1179 1026 1229 piscuarium
1043 1193 1172 1218 unum
1191 1181 1299 1229 quod
1318 1181 1466 1218 dicitur
1484 1181 1760 1219 AEthemuthe.
1818 1181 1868 1218 In
1889 1181 2070 1219 orientali
2097 1186 2209 1231 parte
2236 1182 2343 1220 illius
2369 1189 2462 1222 sunt

460 1246 542 1284 duo
571 1251 710 1296 stagna
728 1258 819 1295 quae
838 1251 1030 1285 vocantur
1048 1247 1245 1296 Wellepol
1273 1251 1313 1285 et
1340 1247 1610 1286 Trendmaere.
1668 1248 1781 1285 Inter
1807 1248 1894 1286 haeo
1923 1252 2062 1298 stagna
2087 1252 2146 1286 est
2172 1261 2278 1298 aqua
2294 1258 2463 1300 angusta

460 1315 633 1352 duorum
651 1314 868 1352 stadiorum
886 1315 1006 1365 longa
1024 1327 1116 1364 quae
1136 1319 1299 1353 vocatur
1317 1315 1572 1354 Trendmaere
1602 1316 1719 1363 Bece,
1737 1316 1888 1353 habens
1905 1316 1948 1353 in
1966 1327 2008 1353 se
2027 1317 2107 1354 duo
2125 1316 2334 1366 piscuaria.
2391 1318 2464 1357 Est

458 1383 579 1420 etiam
611 1383 668 1420 ibi
696 1394 802 1432 aqua
832 1388 1001 1432 angusta
1031 1384 1152 1422 unius
1182 1383 1343 1421 miliarii
1374 1384 1494 1433 longa
1526 1396 1617 1432 quoe
1650 1388 1813 1422 vocatur
1846 1383 1974 1430 Falet,
2009 1384 2159 1422 habens
2191 1385 2233 1421 in
2265 1397 2307 1423 se
2334 1397 2463 1422 unum

457 1449 712 1498 piscuarium.
766 1449 817 1486 In
837 1449 905 1487 illa
921 1454 1034 1499 parte
1052 1450 1157 1488 inter
1176 1450 1428 1488 Witlesmere
1447 1455 1487 1488 et
1506 1438 1762 1500 Kyngesdelf,
1789 1450 1861 1488 ubi
1887 1450 2080 1488 terminus
2098 1455 2156 1488 est
2174 1451 2388 1499 orientalis,
2407 1457 2466 1490 est

455 1517 627 1566 spatium
658 1516 815 1566 paludis
842 1517 967 1554 trium
997 1517 1260 1555 miliariorum
1291 1518 1335 1554 in
1365 1518 1591 1565 latitudine,
1623 1517 1774 1555 habens
1803 1518 1846 1554 in
1876 1530 1918 1556 se
1952 1529 2099 1567 aquam
2127 1522 2337 1568 angustam
2371 1531 2464 1567 quae

457 1589 620 1623 vocatur
636 1585 821 1632 Theseus,
839 1589 879 1622 et
896 1585 1034 1622 silvam
1053 1598 1144 1635 quae
1164 1586 1312 1623 dicitur
1331 1586 1561 1636 Ragreholt.
1619 1586 1670 1622 In
1697 1586 1861 1623 australi
1883 1597 1972 1623 vero
2000 1590 2112 1635 parte
2140 1587 2248 1624 illius
2274 1592 2333 1624 est
2358 1599 2466 1635 aqua

454 1658 624 1703 angusta
639 1654 763 1691 trium
780 1654 999 1691 stadiorum
1016 1654 1136 1704 longa
1150 1666 1242 1703 quoe
1254 1658 1417 1692 vocatur
1435 1653 1722 1692 Soaelfremaere
1740 1654 1857 1701 Beoe,
1872 1654 2023 1692 habens
2040 1654 2083 1691 in
2101 1666 2143 1691 se
2158 1655 2240 1692 duo
2254 1655 2463 1703 piscuaria.

456 1720 506 1758 In
525 1722 640 1771 cujus
657 1721 737 1758 fine
755 1726 814 1759 est
840 1725 1026 1771 stagnum
1045 1722 1154 1770 quod
1171 1726 1335 1760 vocatur
1353 1710 1652 1768 So'aelfremaere,
1672 1721 1824 1759 habens
1849 1722 1902 1759 ad
1929 1733 2042 1759 suam
2068 1722 2280 1759 australem
2307 1723 2464 1773 plagam

454 1801 601 1838 aquam
627 1793 837 1839 angustam
865 1801 957 1838 quae
976 1794 1140 1827 vocatur
1168 1789 1516 1829 Ubbemaere-lade
1545 1790 1702 1827 dimidii
1733 1790 1893 1827 miliarii
1922 1790 2056 1840 longa.
2114 1790 2164 1827 In
2194 1791 2316 1841 hujus
2345 1792 2465 1829 etiam

455 1858 584 1907 capite
602 1858 644 1894 id
664 1862 722 1895 est
740 1857 783 1895 in
800 1857 880 1896 fine
898 1858 1029 1908 stagni
1047 1862 1106 1896 est
1132 1870 1261 1896 unum
1288 1859 1545 1908 piscuarium.
1603 1858 1671 1895 Ad
1698 1858 1818 1908 hujus
1844 1870 1960 1906 aquae
1989 1858 2240 1896 medietatem
2267 1859 2310 1895 in
2338 1859 2465 1909 longi-

455 1927 610 1973 tudine,
628 1930 687 1963 est
704 1926 814 1963 loeus
834 1923 856 1963 ὲ
875 1930 1016 1965 contra
1029 1927 1072 1963 in
1090 1927 1237 1975 palude
1252 1927 1322 1976 qui
1336 1931 1499 1964 vocatur
1511 1926 1718 1964 Aldwines
1733 1926 1886 1972 Barwe,
1900 1925 1972 1962 ubi
1989 1926 2172 1963 australis
2186 1930 2243 1964 est
2257 1927 2464 1964 terminus.

458 1994 509 2032 In
527 1994 763 2032 occidentali
780 1998 914 2031 autem
932 1998 1044 2043 parte
1062 1994 1170 2032 illius
1198 1999 1256 2032 est
1273 2007 1378 2043 aqua
1404 1999 1575 2044 angusta
1602 1995 1774 2032 duorum
1801 1994 2018 2031 stadiorum
2046 1994 2165 2044 longa
2183 2006 2273 2043 quoe
2301 1999 2466 2033 vocatur

459 2062 714 2100 Trendmaere
747 2062 864 2109 Beoe,
884 2062 1035 2099 habens
1071 2062 1114 2100 in
1146 2074 1188 2100 se
1220 2074 1349 2099 unum
1381 2063 1639 2112 piscuarium.
1712 2062 1764 2099 In
1793 2063 1908 2112 eujus
1938 2062 2019 2099 fine
2051 2066 2110 2100 est
2138 2066 2323 2111 stagnum
2355 2063 2463 2111 quod

461 2131 609 2168 dicitur
627 2130 740 2168 West
751 2129 1020 2169 Trendmaere.
1078 2129 1183 2168 Sunt
1201 2131 1243 2167 in
1262 2131 1330 2168 illa
1348 2136 1459 2180 parte
1473 2131 1591 2168 etiam
1609 2142 1725 2179 aquae
1741 2142 1910 2179 quarum
1924 2130 2086 2167 nomina
2099 2134 2193 2167 sunt
2207 2130 2465 2179 Dreigmoere,

486 2195 493 2249 Ι
519 2196 732 2246 Wellepol,
770 2196 1155 2245 Withibusoemaere,
1186 2197 1456 2247 Langemaere,
1484 2197 1700 2246 Keninges,
1729 2201 1768 2234 et
1796 2196 2084 2234 Musolemaere.
2155 2196 2228 2234 Est
2262 2197 2380 2234 etiam
2408 2196 2464 2233 ibi

460 2278 566 2315 aqua
593 2266 713 2304 unius
738 2266 898 2303 miliarii
916 2266 1035 2316 longa
1062 2278 1190 2315 usque
1218 2267 1271 2304 ad
1300 2270 1459 2314 terram,
1479 2266 1592 2315 Deop
1614 2266 1718 2303 Bece
1737 2269 1886 2312 vocata,
1903 2265 2053 2302 habens
2084 2265 2127 2301 in
2156 2277 2198 2302 se
2226 2277 2353 2302 unum
2386 2266 2464 2315 pis-

460 2335 654 2373 ouarium.
713 2333 764 2371 In
782 2334 904 2384 hujus
920 2346 1037 2383 aquae
1055 2333 1135 2372 fine
1162 2339 1221 2373 est
1246 2333 1440 2372 terminus
1466 2333 1721 2372 occidentalis
1748 2333 1942 2383 paludum
1961 2337 2001 2371 et
2019 2345 2213 2382 aquarum
2232 2333 2284 2370 ad
2304 2332 2466 2370 Witles-

460 2412 581 2440 maere
598 2400 896 2450 pertinentium.
