2774 3952
114 781 214 830 (fol.
229 779 355 819 cxm'x.
371 780 448 830 νο.)

110 1237 352 1286 Homagium

475 403 574 449 148
1001 410 1358 447 cnnomcoN
1389 411 1935 448 PETRoBURonNsE.

474 539 669 590 Russel
717 538 968 601 militum,
1013 536 1218 589 domini
1267 536 1529 589 Willelmi
1573 536 1641 589 de
1684 535 2019 588 Wodeforda
2062 542 2193 589 tunc
2244 537 2477 590 Sacriste

475 623 660 692 Burgi,
687 630 742 676 et
771 623 998 675 aliorum
1025 621 1340 675 multorum.

1311 765 1637 818 HOMAGIA.

545 881 708 932 Anno
734 878 960 931 Domini
1000 879 1232 931 M⁰.c⁰c⁰.
1259 878 1627 946 Nonagesimo
1661 876 1858 946 primo,
1891 881 1999 928 xv⁰.
2025 874 2282 927 kalendas
2308 875 2346 928 J
2348 875 2482 939 unii,

475 964 610 1016 obiit
633 964 671 1016 J
675 964 914 1016 ohannes
942 962 1161 1026 Fauvel,
1180 962 1324 1013 filius
1350 970 1406 1014 et
1431 961 1814 1014 heres'domini
1832 961 1870 1014 J
1874 960 2104 1013 ohannis
2123 959 2341 1022 Fauvel‚
2365 960 2481 1013 sine

475 1050 690 1108 herede,
716 1056 772 1101 et
797 1048 1042 1117 sepultus
1083 1054 1166 1099 est
1208 1046 1267 1098 in
1293 1046 1516 1100 ecclesia
1544 1047 1729 1099 Sancti
1774 1046 1921 1098 Petri
1962 1046 2028 1098 de
2070 1046 2271 1113 Burg0.
2348 1045 2484 1097 Post

479 1134 632 1203 cujus
659 1141 890 1185 mortem
917 1132 1196 1184 descendit
1219 1132 1488 1185 hereditas
1532 1132 1682 1184 fratri
1709 1150 1806 1184 suo
1837 1132 2063 1202 Hugoni
2104 1131 2216 1183 filio
2249 1130 2482 1200 predicti

481 1217 686 1270 domini
711 1218 749 1271 J
751 1218 980 1270 ohannis
1008 1218 1229 1270 Fauvel.
1304 1218 1418 1269 Iste
1447 1218 1612 1286 Hugo
1637 1217 1913 1286 predictus
1938 1217 2066 1270 fecit
2089 1216 2400 1286 homagium
2428 1223 2484 1267 et

110 1291 460 1341 HugonisFauvel.
480 1303 793 1355 fidelitatem
820 1302 1041 1354 domino
1086 1302 1316 1355 Ricardo
1344 1303 1411 1354 de
1437 1302 1738 1354 Londoniis
1777 1302 1982 1355 Abbati
2007 1303 2073 1354 de
2111 1303 2314 1371 Burgo,
2339 1318 2483 1352 anno

115 1487 261 1528 Valcot.

112 1982 354 2030 Homagium

112 2036 273 2072 Roberti

116 2090 251 2126 Basset

111 2143 161 2180 de
182 2143 358 2180 Ristona.

115 2759 268 2799 Valcot.

480 1387 686 1440 domini
713 1387 1039 1456 supradictO,
1066 1387 1152 1440 die
1190 1386 1375 1439 Sancti
1401 1387 1648 1440 Barnabe
1673 1388 1922 1458 apostoli,
1949 1388 2093 1457 apud
2118 1386 2486 1456 Wermingto-

480 1491 625 1537 nam,
643 1489 742 1541 pro
768 1479 1081 1524 tenemento
1108 1472 1253 1541 quod
1280 1473 1346 1524 de
1371 1472 1490 1541 ipso
1517 1479 1669 1525 tenet
1684 1473 1742 1524 in
1760 1473 2042 1525 Walecote
2069 1480 2125 1524 et
2152 1472 2410 1540 Suthorp,
2427 1471 2486 1522 in

479 1556 757 1626 presencia
780 1556 1043 1608 Willelmi
1069 1557 1136 1609 de
1155 1557 1457 1609 Wodeford
1481 1565 1614 1610 ωηο
1641 1558 1859 1611 sacriste
1903 1558 2090 1627 Burgi,
2133 1565 2188 1610 et
2213 1558 2251 1610 J
2254 1555 2484 1610 ohannis

480 1641 546 1693 de
589 1640 857 1711 Cambrey
898 1642 1158 1694 Custodis
1198 1650 1329 1694 tunc
1369 1643 1749 1708 maneriorum,
1794 1643 2035 1712 magistri
2077 1642 2301 1695 Roberti
2352 1650 2483 1694 tunc

481 1726 759 1778 senescalli
784 1726 971 1795 Burgi,
1000 1726 1230 1779 Galfridi
1255 1727 1322 1779 de
1347 1727 1398 1778 la
1427 1726 1600 1793 Mare,
1627 1736 1683 1781 et
1708 1729 1952 1781 aliorum.

551 1812 715 1864 Anno
742 1812 968 1885 Domini
995 1813 1227 1864 M⁰.c⁰c⁰.
1270 1813 1622 1882 nonagesimo
1657 1814 1853 1883 prim0,
1880 1814 1966 1867 die
2005 1822 2316 1867 sanctorum
2345 1813 2484 1865 Ger-

480 1897 615 1948 vasii
635 1906 690 1949 et
710 1897 996 1962 Prothasii,
1022 1899 1166 1967 apud
1184 1898 1588 1967 Keteringgam,
1610 1900 1882 1953 Robertus
1909 1901 2105 1953 Basset
2129 1901 2196 1953 de
2221 1900 2487 1970 Rystona,

482 1981 624 2033 filius
674 1989 730 2034 et
776 1983 932 2035 heres
983 1982 1210 2035 Roberti
1253 1983 1465 2047 Basset,
1514 1985 1642 2036 fecit
1689 1985 2002 2054 homagium
2065 1993 2121 2038 et
2169 1984 2484 2037 fidelitatem

483 2068 704 2120 domino
731 2068 961 2120 Ricardo
989 2069 1055 2120 de
1080 2069 1383 2121 Londoniis
1408 2068 1612 2120 Abbati
1647 2069 1816 2138 Burgi
1857 2088 1957 2137 pro
2001 2076 2314 2122 tenemento
2341 2069 2486 2138 quod

483 2154 550 2205 de
586 2153 707 2222 ipso
750 2161 910 2205 tenet.
941 2152 1000 2204 in
1041 2153 1392 2221 leinburgo,
1434 2153 1490 2205 in
1541 2154 1820 2223 presencia
1864 2154 2105 2223 magistri
2145 2154 2371 2206 Roberti
2420 2153 2488 2206 de

482 2238 751 2304 Sceffeud,
785 2245 918 2291 tunc
964 2238 1257 2291 Senescalli
1301 2239 1487 2308 Burgi,
1515 2239 1861 2291 dominorum
1905 2239 1942 2292 J
1947 2239 2176 2291 ohannis
2220 2239 2286 2290 de
2328 2238 2490 2291 Carn-

478 2322 611 2392 brey
641 2330 697 2375 et
740 2322 860 2375 Ade
905 2323 972 2375 de
1019 2323 1306 2392 Clipstona
1349 2325 1759 2389 monachorum,
1805 2332 1861 2377 et
1904 2324 2132 2377 aliorum
2173 2324 2487 2376 multorum.

480 2408 639 2460 Istud
662 2408 882 2460 feodum
908 2416 992 2460 est
1017 2409 1238 2461 feodum
1263 2410 1489 2462 Avenel.

551 2493 713 2544 Anno
764 2493 996 2546 M⁰.c⁰c⁰.
1047 2494 1415 2563 Nonagesimo
1465 2494 1659 2564 prim0,
1701 2496 1786 2548 die
1815 2496 2074 2549 Mercurii
2124 2504 2248 2549 ante
2285 2497 2487 2548 festum

483 2576 873 2646 Apostolorum
902 2577 1047 2628 Petri
1072 2585 1127 2629 et
1154 2579 1324 2642 Pauli,
1350 2579 1486 2631 obiit
1525 2579 1690 2648 Hugo
1719 2580 1923 2632 Fauvel
1964 2581 2306 2650 supradictus
2343 2581 2488 2632 filius

487 2661 693 2714 domini
717 2661 986 2726 Johannis
1014 2662 1216 2715 Fauvel
1257 2663 1372 2714 sine
1416 2664 1612 2715 herede
1657 2665 1723 2716 de
1751 2683 1824 2717 se.
1902 2667 2036 2718 Post
2061 2667 2216 2735 cujus
2256 2674 2486 2719 mortem

486 2746 755 2799 hereditas
806 2746 1086 2798 descendit
1133 2746 1285 2798 fratri
1329 2765 1428 2799 suo
1478 2748 1773 2813 Willelm0,
1823 2749 1977 2817 cujus
2026 2750 2259 2800 wardam
2311 2749 2486 2801 dictus

490 2833 750 2885 Ricardus
777 2831 943 2884 abbas
967 2832 1213 2885 vendidit
1238 2833 1456 2885 domine
1480 2832 1632 2897 Fine,
1650 2834 1809 2884 matri
1835 2851 1948 2897 sue,
1976 2834 2235 2885 solvendo
2262 2833 2487 2902 singulis

485 2917 641 2969 annis
667 2924 941 2969 extentam
975 2917 1118 2969 illius
1144 2918 1336 2970 warde.
1395 2917 1744 2987 Maritagium
1789 2936 1919 2970 vero
1965 2918 2208 2986 ejusdem
2249 2918 2488 2988 predicte

485 3001 704 3054 domine
730 3001 864 3052 Fine
890 3001 1133 3053 vendidit
1156 3021 1256 3071 pro
1282 3002 1515 3072 trigintis
1541 3003 1690 3054 libris
1717 3003 2107 3072 sterlingorum.

558 3087 721 3138 Anno
762 3086 990 3139 Domini
1032 3087 1264 3140 M⁰.c⁰c⁰.
1291 3088 1659 3157 Nonagesimo
1704 3088 1897 3157 primo,
1925 3088 2011 3140 die
2051 3087 2223 3140 sancti
2251 3087 2489 3139 Wilfridi

488 3171 747 3242 episcopi,
790 3171 925 3224 obiit
950 3171 1202 3223 dominus
1228 3173 1475 3225 Andreas
1517 3174 1713 3226 Russel
1753 3174 1925 3238 mileS,
1955 3182 2010 3226 et
2054 3173 2298 3242 sepultus
2324 3173 2488 3225 estin

490 3255 692 3326 capella
710 3255 865 3309 beate
879 3255 1117 3324 Virginis
1148 3254 1321 3309 Marie
1347 3257 1490 3325 apud
1513 3257 1754 3326 Burgum
1777 3257 1936 3326 juxta
1961 3265 2171 3325 patrem
2199 3276 2377 3321 suum,
2402 3258 2488 3310 die
