2774 3952
131 2636 235 2687 (soc.
254 2636 364 2676 xciii.
379 2639 457 2688 υο.)

1010 445 1365 482 CHRONICON
1396 447 1937 483 PETROBURGENSE.
2413 436 2481 481 59

478 569 651 620 tocius
678 571 1079 624 communitatis
1106 573 1368 642 ejusdem,
1407 574 1473 625 ad
1515 591 1733 643 presens
1759 573 2113 642 proponimus
2149 572 2216 623 ad
2242 580 2482 624 nostram

478 662 532 706 et
557 654 730 706 tocius
756 657 906 726 regni
929 677 1117 727 pacem
1143 667 1199 711 et
1238 659 1679 728 tranquillitatem
1706 667 2041 728 perpetuam,
2083 657 2326 710 Domino
2353 676 2482 710 con-

478 741 718 807 cedente,
744 742 975 796 finaliter
999 746 1286 798 terminare
1306 766 1321 811 3
1349 745 1629 798 comodius
1655 752 1710 797 et
1736 744 2020 796 decencius
2048 762 2166 796 esse
2193 743 2482 813 perpendi-

478 845 600 878 mus
639 829 784 896 quod
810 847 910 882 nos
955 830 1128 884 incole
1172 840 1310 884 terre
1338 838 1520 883 nostre
1547 830 1616 882 ad
1640 829 1884 899 ipsorum
1928 829 2195 882 maliciam
2239 829 2481 881 totaliter

480 913 860 968 destruendam
900 935 998 985 pro
1026 917 1301 969 communi
1335 916 1567 969 utilitate
1599 915 1874 968 laboribus
1919 923 1974 968 et
1999 917 2253 987 expensis
2297 916 2485 984 fatige-

481 1018 601 1052 mur
640 1001 740 1054 hac
789 1002 923 1066 vice,
964 1002 1089 1055 licet
1139 1003 1316 1055 honus
1362 1002 1575 1055 difficile
1616 1003 1895 1067 videatur3
1947 1021 2108 1072 quam
2167 1001 2482 1071 hujusmodi

480 1087 792 1152 turbacione
833 1107 928 1158 per
972 1089 1257 1141 Walenses
1308 1089 1455 1158 ipsos
1498 1109 1642 1141 nunc
1686 1090 1871 1140 habita
1911 1108 2008 1159 pro
2053 1089 2334 1142 voluntate
2387 1106 2483 1139 sua

481 1171 676 1224 futuris
702 1173 1036 1242 temporibus
1081 1174 1321 1239 cruciari,
1346 1183 1510 1244 prout
1550 1183 1792 1244 tempore
1833 1183 2021 1227 nostro
2066 1184 2121 1227 et
2146 1172 2481 1243 temporibus

481 1259 885 1327 progenitorum
947 1268 1258 1314 nostrorum
1303 1261 1531 1331 contigit
1580 1262 1894 1314 manifeste:
1947 1262 2102 1314 vobis
2165 1261 2483 1314 mandamus

482 1351 748 1412 roganteS,
798 1345 1070 1414 quatinuS,
1121 1346 1483 1416 suffraganeos
1528 1355 1737 1399 vestros
1788 1355 1891 1400 etc.
1941 1356 2004 1399 ut
2064 1364 2243 1416 supra,
2301 1344 2483 1397 venire

482 1429 687 1481 faciatis
722 1448 901 1483 coram
936 1432 1096 1484 nobis
1122 1432 1268 1502 apud
1294 1432 1750 1485 Norhamtoniam
1776 1433 1832 1484 in
1859 1432 2067 1485 octabis
2096 1431 2268 1484 sancti
2295 1429 2481 1492 ularii,

482 1516 568 1568 vel
594 1534 771 1595 coram
799 1516 1048 1579 fidelibus
1075 1518 1275 1577 nostris
1303 1535 1439 1587 quos
1470 1518 1538 1570 ad
1562 1518 1667 1571 hoc
1693 1518 2003 1576 duxerimus
2031 1517 2392 1587 deputandOS,
2433 1524 2486 1566 et

482 1620 581 1654 vos
607 1603 809 1655 eisdem
837 1603 922 1655 die
948 1611 1004 1656 et
1045 1604 1165 1657 loco
1209 1604 1470 1657 intersitis
1508 1605 1576 1656 ad
1602 1605 1868 1658 audienda
1914 1613 1968 1657 et
2011 1604 2255 1657 facienda
2296 1621 2357 1655 ea
2384 1620 2486 1670 que

482 1705 581 1756 pro
606 1705 663 1739 re
689 1688 906 1758 puplica
929 1687 1084 1741 vobis
1126 1697 1180 1742 et
1205 1688 1281 1742 eis
1310 1708 1472 1760 super
1495 1689 1600 1741 hiis
1629 1690 1843 1742 ostendi
1868 1689 2144 1753 faciemuS,
2182 1695 2238 1740 et
2257 1687 2325 1739 ad
2368 1704 2488 1756 pre-

483 1774 736 1825 standum
761 1773 918 1827 nobis
945 1774 1230 1828 consilium
1264 1783 1320 1828 et
1356 1776 1631 1845 juvamen,
1657 1775 1940 1845 presertim
1980 1794 2102 1828 cum
2128 1781 2324 1839 vestra,
2352 1772 2491 1825 sicut

485 1859 729 1925 aliorum,
755 1860 970 1914 intersit
1006 1879 1103 1931 per
1143 1862 1288 1932 quod
1331 1862 1613 1932 negocium
1646 1862 1760 1931 jam
1786 1862 2062 1932 inceptum
2091 1861 2159 1912 ad
2183 1860 2398 1912 laudem
2437 1866 2491 1910 et

486 1943 749 1996 honorem
775 1945 881 1997 Dei
906 1953 962 1998 et
987 1946 1388 2016 magnificencie
1414 1955 1599 2000 nostre
1637 1948 1798 2013 fame,
1836 1966 1897 2000 ac
1928 1947 2105 2000 tocius
2142 1945 2290 2015 regni
2318 1943 2486 1996 nostri

488 2037 543 2086 et
566 2031 755 2100 populi
779 2050 967 2101 pacem
995 2040 1050 2085 et
1069 2033 1510 2102 tranquillitatem
1538 2042 1855 2103 perpetuam
1897 2032 2170 2085 valeamus
2215 2032 2316 2083 hac
2353 2030 2488 2093 vice,

487 2123 651 2184 prout
700 2117 1048 2182 intendimuS,
1099 2119 1324 2171 feliciter
1373 2138 1764 2172 consummare.
1857 2120 2022 2171 Teste
2077 2117 2285 2187 meipso
2348 2116 2492 2184 apud

491 2200 776 2266 Rothelan,
792 2202 920 2254 xxii.
947 2203 1032 2255 die
1059 2204 1404 2269 NovembriS,
1431 2222 1573 2263 anno
1599 2205 1749 2274 regni
1774 2204 1947 2257 nostri
1971 2204 2042 2256 xi.

566 2280 779 2341 Quibus
822 2287 907 2340 die
946 2296 1001 2340 et
1042 2288 1161 2340 loco
1204 2288 1526 2358 supradictis
1570 2298 1988 2359 comparuerunt
2027 2288 2254 2359 predicti
2303 2286 2494 2356 prelati

494 2390 672 2425 coram
724 2373 996 2442 predictis,
1053 2373 1245 2426 abbate
1296 2374 1785 2441 Westmonasterii,
1836 2376 2032 2428 comite
2098 2372 2390 2437 Cornubie,
2441 2379 2495 2424 et

494 2462 531 2515 J
535 2459 748 2512 ohanne
774 2459 840 2511 de
877 2458 1152 2530 Kerkeby,
1177 2467 1233 2512 et
1258 2460 1435 2530 exegit
1474 2460 1540 2513 ab
1567 2461 1644 2513 eis
1689 2459 1942 2512 dominus
1983 2459 2100 2512 Rex
2128 2457 2413 2510 consilium
2440 2463 2495 2507 et

489 2548 749 2617 juvamen
776 2545 877 2598 sub
904 2546 1004 2599 hac
1028 2547 1217 2598 forma.

567 2631 786 2699 [Prima
816 2631 1014 2702 peticio
1042 2632 1247 2684 domini
1270 2631 1432 2701 Regis
1448 2631 1571 2696 fuit,
1592 2631 1738 2701 quod
1763 2630 2198 2701 archiepiscopus
2227 2637 2282 2682 et
2308 2628 2497 2680 suffra-

129 2728 278 2767 Petit-io
295 2728 434 2777 prima.
494 2719 650 2791 ganei
691 2719 792 2784 sui,
836 2737 1048 2772 necnon
1094 2718 1284 2772 decani
1328 2726 1383 2770 et
1426 2718 1660 2788 capitula
1705 2717 2050 2770 ecclesiarum
2094 2715 2497 2779 cathedralium,

133 3177 363 3228 Responsio.

495 2806 717 2859 abbates
758 2814 814 2858 et
849 2805 1073 2875 prioreS,
1116 2804 1262 2866 illam
1301 2803 1829 2874 quintamdecimam,
1867 2821 1971 2873 que
2011 2802 2231 2855 deberet
2266 2801 2403 2854 solvi
2439 2800 2496 2852 in

497 2894 636 2946 festo
688 2892 744 2945 N
747 2890 1005 2944 ativitatis
1073 2889 1218 2942 beati
1269 2889 1305 2942 J
1309 2889 1538 2942 ohannis
1590 2889 1837 2959 Baptiste
1888 2888 2136 2958 proximo
2186 2889 2368 2940 futuro
2432 2887 2498 2938 de

497 2977 730 3033 triennio
781 2977 931 3047 prius
982 2994 1312 3043 concessam,
1366 2976 1643 3028 solventur
1683 2976 1822 3027 infra
1861 2974 2167 3045 quindecim
2209 2974 2324 3027 dies
2370 2982 2497 3043 post

503 3064 934 3122 Purificationem
958 3063 1114 3116 beate
1141 3062 1397 3131 Virginis,

573 3152 662 3204 Ad
705 3170 867 3220 quam
893 3150 1219 3220 peticionem
1245 3149 1348 3201 fuit
1374 3148 1677 3201 communis
1703 3147 1985 3218 responsio
2021 3146 2264 3199 omnium
2290 3144 2497 3214 predic-

503 3246 682 3289 torum
728 3238 889 3306 quod,
932 3237 1058 3289 licet
1092 3235 1360 3306 preteritis
1405 3234 1738 3304 temporibus
1779 3251 1875 3303 per
1915 3251 2078 3286 onera
2122 3232 2223 3284 sibi
2265 3229 2499 3299 inposita

504 3321 664 3375 nimis
684 3331 867 3376 essent
885 3323 1105 3392 gravati,
1126 3331 1308 3375 tamen
1330 3330 1390 3374 ut
1410 3321 1580 3390 magis
1601 3321 1874 3391 placerent
1893 3320 1949 3371 in
1976 3325 2270 3387 conspectu
2297 3313 2500 3367 domini
