2774 3952
991 437 1346 475 CHRONICON
1378 439 1917 476 PETROBURGENSE.
2395 428 2462 474 85
2496 487 2500 491 ⁵

459 562 558 613 has
607 562 814 615 litteras
867 581 1012 616 meas
1065 565 1221 618 vobis
1278 566 1589 618 transmitto
1645 572 1912 635 patentes,
1987 565 2195 616 Datum
2239 564 2462 617 Londo-

460 647 584 712 niis,
606 655 710 701 etc.

536 736 669 787 Post
711 736 811 788 hec
851 736 976 788 fecit
1010 737 1262 790 dominus
1288 737 1596 807 Episcopus
1639 735 1837 805 inquiri
1879 735 1945 787 de
1980 734 2340 787 advocacione
2381 753 2466 787 ec·

461 820 620 872 clesie
685 821 752 873 de
819 821 1107 891 Cloptona,
1157 830 1213 875 et
1268 823 1334 875 de
1392 823 1573 875 valore
1628 821 1873 891 ejusdem
1938 838 2035 890 per
2082 820 2290 873 litteras
2341 838 2464 872 suas

462 906 692 959 directas
733 906 946 959 officiali
995 907 1354 960 archidiaconi
1403 909 1460 960 N
1462 907 1820 973 orhamtonie,
1864 925 2094 976 quarum
2145 906 2464 959 certificacio

461 992 561 1045 hec
587 1000 671 1045 est
689 1013 776 1045 :—

535 1080 851 1132 Reverendo
876 1079 934 1132 in
962 1079 1182 1132 Christo
1220 1081 1361 1150 patri
1387 1088 1442 1134 et
1482 1079 1703 1132 domino
1749 1078 1971 1132 Olivero
1997 1078 2099 1131 Dei
2128 1077 2297 1147 gratia
2335 1077 2467 1129 Lin-

461 1164 635 1219 colnie
678 1165 951 1234 episcop0,
1003 1183 1133 1217 suus
1174 1165 1393 1217 humilis
1438 1173 1493 1218 et
1545 1165 1774 1218 devotus
1802 1163 2062 1216 Officialis
2108 1162 2467 1215 archidiaconi

463 1250 856 1304 Norhamtonie
889 1251 1136 1316 salutem,
1162 1251 1237 1303 Et
1262 1270 1386 1304 cum
1413 1269 1626 1303 summo
1654 1248 1966 1303 obediencie
2008 1248 2192 1301 debito
2220 1266 2466 1300 reveren-

464 1335 600 1388 ciam
626 1337 825 1406 pariter
849 1336 908 1390 et¹
928 1337 1208 1390 honorem.
1283 1337 1514 1391 Noverit
1546 1344 1724 1390 vestra
1743 1334 2036 1406 paternitas
2063 1334 2355 1387 reverenda
2380 1352 2467 1386 me

463 1422 533 1474 ad
580 1423 898 1475 mandatum
936 1432 1180 1477 vestrum
1224 1430 1337 1475 tam
1383 1442 1546 1493 super
1588 1422 1870 1476 ecclesiam
1912 1422 1979 1474 de
2007 1420 2280 1490 Cloptona
2305 1438 2466 1489 quam

464 1525 724 1578 personas
751 1508 1012 1561 Willelmi
1039 1508 1308 1579 Campiun
1342 1510 1408 1562 de
1441 1508 1824 1578 IrtlingburgO,
1851 1525 1950 1577 pro
1978 1508 2132 1576 cujus
2157 1506 2466 1576 provisione

101 1585 200 1636 σοι·
220 1585 303 1624 ⁶5²²·
321 1586 404 1636 ⁷⁴⁰·)
465 1592 621 1645 vobis
646 1611 743 1663 per
764 1593 1165 1646 sanctissimum
1190 1602 1399 1663 patrem
1425 1593 1706 1646 dominum
1734 1591 2035 1644 Martinum
2051 1609 2248 1660 papam
2263 1595 2284 1656 l
2302 1590 2470 1659 scrip·-

95 1662 133 1698 D
135 1674 156 1699 θ
174 1661 326 1699 eodem.
465 1686 583 1731 tum
645 1687 747 1743 est,
801 1686 855 1732 et
909 1679 1040 1732 dicti
1093 1679 1305 1732 Thome
1354 1678 1451 1730 filii
1497 1677 1730 1730 Gilberti
1782 1676 2100 1746 Cappellani
2150 1676 2216 1727 ad
2268 1675 2467 1727 dictam

463 1764 742 1817 ecclesiam
791 1764 1107 1834 presentati,
1157 1765 1215 1816 in
1264 1765 1428 1834 pleno
1469 1764 1574 1816 loci
1612 1763 1849 1833 capitulo
1894 1761 2309 1832 inquisicionem
2349 1760 2469 1812 dili-

460 1858 678 1920 gentem
704 1851 913 1916 fecisse,
938 1869 1035 1920 per
1060 1869 1220 1921 quam
1247 1851 1464 1920 quidem
1491 1851 1690 1920 accepi,
1717 1850 1864 1920 quod
1891 1849 2032 1902 dicta
2058 1847 2281 1901 ecclesia
2316 1854 2468 1899 vacat

462 1943 518 1988 et
543 1932 706 2006 ‘cepit
743 1954 931 1989 vacare
975 1935 1062 1988 die
1089 1935 1377 1987 Dominica
1404 1935 1608 1987 scilicet
1651 1935 1706 1986 in
1742 1934 1922 2003 vigilia
1968 1932 2139 1985 sancti
2182 1930 2466 1983 Michaelis

460 2021 708 2090 proximo
752 2020 1009 2089 preterito
1052 2038 1150 2089 per
1190 2027 1422 2072 mortem
1463 2019 1670 2071 domini
1712 2019 1749 2071 J
1753 2017 1981 2071 ohannis
2026 2017 2092 2068 de
2121 2014 2467 2068 Camerwelle

462 2104 641 2157 ultimi
682 2104 904 2156 rectoris
946 2104 1208 2172 ejusdem.
1282 2103 1470 2155 Abbas
1511 2111 1567 2155 et
1610 2110 1911 2155 conventus
1953 2101 2019 2152 de
2065 2101 2248 2167 Burgo
2295 2098 2466 2150 sancti

467 2190 614 2243 Petri
640 2196 769 2241 sunt
792 2189 906 2242 veri
949 2189 1165 2258 patroni
1190 2189 1433 2258 ejusdem
1459 2189 1699 2253 ecclesie,
1726 2206 1830 2257 que
1863 2205 1975 2238 non
2001 2194 2086 2238 est
2109 2184 2342 2254 litigiosa
2365 2203 2466 2236 nec

463 2274 820 2344 pensionaria.
893 2274 1054 2326 Valet
1079 2282 1260 2326 autem
1286 2274 1404 2343 ipsa
1429 2274 1652 2327 ecclesia
1695 2274 1881 2326 decem
1907 2290 2112 2324 marcas
2139 2278 2194 2323 et
2230 2269 2463 2338 amplius

465 2361 742 2414 annuatim
767 2379 876 2412 una
901 2379 1024 2413 cum
1057 2360 1403 2430 porcionibus
1431 2360 1637 2414 decime
1662 2360 1964 2429 garbarum,
1992 2376 2124 2427 quas
2151 2356 2372 2409 sacrista
2397 2355 2465 2407 de

465 2449 648 2517 Burgo
676 2446 848 2500 sancti
872 2445 1020 2499 Petri
1046 2454 1101 2499 et
1124 2446 1270 2516 prior
1295 2454 1351 2499 et
1381 2446 1626 2499 canonici
1654 2444 2048 2498 Huntendonie
2064 2431 2066 2433 .
2073 2442 2381 2512 percipiunt
2407 2441 2465 2493 in

465 2533 670 2586 eadem.
744 2533 831 2585 De
856 2533 1102 2602 personis
1130 2532 1397 2585 dictorum
1416 2532 1678 2586 Willelmi
1694 2539 1750 2584 et
1772 2531 1983 2584 Thome
2019 2528 2151 2582 dicit
2169 2527 2466 2597 capitulum

466 2638 523 2672 se
548 2619 715 2671 nichil
742 2619 894 2683 scire,
919 2637 983 2671 eo
1005 2619 1150 2688 quod
1175 2618 1380 2671 eisdem
1406 2627 1535 2671 sunt
1558 2619 1773 2688 ignote3
1818 2635 1885 2670 ex
1910 2615 2257 2670 concessione
2283 2622 2466 2666 tamen

465 2703 595 2756 dicti
619 2704 828 2756 Thome
873 2702 1060 2755 didicit
1103 2703 1307 2755 dictum
1348 2703 1645 2773 capitulum
1688 2703 1871 2774 ipsum
1916 2701 2044 2754 alibi
2083 2699 2466 2753 beneficiatum

465 2790 710 2855 existere,
764 2808 869 2859 que
919 2788 1102 2842 omnia
1149 2789 1305 2842 vobis
1373 2797 1681 2843 reverenter
1731 2789 1974 2859 significo
2023 2806 2121 2858 per
2167 2793 2468 2857 presentes,

464 2877 657 2929 Valeat
696 2884 799 2930 etc.
862 2877 1070 2928 Datum
1103 2876 1248 2945 apud
1292 2876 1737 2946 Irtlingburgum,
1778 2876 1864 2928 die
1907 2874 2148 2940 sabbati,
2181 2873 2385 2926 scilicet
2408 2871 2465 2923 in

465 2962 604 3015 festo
633 2962 895 3014 Omnium
923 2961 1263 3026 Sanctorum,
1290 2980 1431 3014 anno
1459 2961 1686 3013 Domini
1712 2960 2037 3029 supradicto.

540 3048 665 3101 Hiis
708 3049 928 3101 domino
965 3048 1242 3117 Episcopo
1282 3047 1613 3099 transmissis
1653 3065 1750 3116 per
1781 3046 2084 3099 Officialem
2109 3044 2468 3097 archidiaconi

468 3132 880 3198 Norhamtonie,
930 3140 1211 3202 porrectus
1266 3132 1370 3184 fuit
1436 3131 1651 3184 libellus
1716 3149 1814 3201 per
1875 3131 2082 3183 dictum
2130 3129 2466 3182 Willelmum

471 3216 741 3286 Campiun
765 3219 985 3272 domino
1013 3218 1267 3288 episcopo
1294 3218 1438 3287 apud
1466 3217 1859 3288 Irtlinburgum
1886 3217 1986 3270 sub
2011 3217 2113 3269 hac
2139 3217 2308 3267 forma
2325 3235 2412 3265 :—

544 3303 741 3356 Coram
756 3305 911 3356 vobis
938 3305 1157 3358 domino
1180 3304 1399 3357 Olivero
1427 3304 1532 3357 Dei
1556 3305 1724 3374 gratia
1744 3304 2024 3357 Lincolnie
2050 3302 2321 3371 episcopo,
2344 3316 2466 3367 pro-

470 3388 645 3440 visore
673 3406 767 3440 seu
791 3398 1075 3442 executore
1101 3409 1132 3441 a
1172 3390 1298 3442 sede
1324 3390 1619 3458 apostolica
1644 3389 1919 3458 deputatO,
1946 3388 2076 3440 dicit
2118 3394 2173 3438 et
2211 3382 2467 3452 proponit

471 3473 778 3526 Willelmus
831 3473 1100 3543 Campiun
1142 3474 1365 3526 clericus
1407 3481 1595 3525 contra
1635 3472 1886 3525 abbatem
1931 3479 1986 3524 et
2029 3475 2356 3523 conventum
2398 3467 2464 3520 de
