2774 3952
113 1156 286 1194 Graham
292 1185 303 1197 .

114 1412 211 1460 (fot.
232 1424 338 1450 cxxv.
360 1413 437 1462 vo.)

109 1508 243 1547 Nesse.

112 1665 416 1704 Huntendonie-

110 1731 221 1757 scira.

487 410 590 456 140
1013 417 1368 454 cflRoNIGON
1398 418 1943 454 PETROBURGENSE.

483 547 700 600 facturis
726 546 1008 599 hominum
1036 562 1258 598 suorum
1283 545 1408 596 inde
1434 542 1897 614 provenientibus·
1973 543 2048 594 Et
2073 541 2254 595 debita
2275 540 2481 594 domini

485 631 648 701 Regis
685 632 878 696 levare,
904 638 958 683 et
995 630 1120 684 inde
1146 629 1212 682 ad
1240 628 1575 682 Scaccarium
1602 627 1809 680 domini
1847 626 2011 696 Regis
2037 628 2361 696 respondere
2385 644 2483 696 per

484 735 705 770 manum
732 735 903 769 suam.

563 804 681 856 Has
720 803 995 855 libertates
1035 803 1229 856 clamat
1252 802 1448 855 habere
1473 819 1570 871 per
1595 807 1768 854 cartas
1795 799 2001 853 domini
2040 797 2219 868 Regis,
2245 815 2349 867 que
2374 804 2484 849 tes-
2520 812 2523 814 ·

486 896 686 942 tantur.
763 889 829 940 In
857 888 1138 958 Osgoteby
1165 895 1292 940 sunt
1334 895 1444 941 tres
1485 895 1731 941 carucate
1765 896 1923 952 terre,
1961 904 2065 955 que
2092 883 2339 937 solebant
2364 899 2483 934 esse

484 974 794 1045 geldabileS‚
819 982 876 1027 et
901 982 1031 1027 sunt
1056 974 1328 1027 subtracte
1353 981 1598 1044 tempore
1625 973 1856 1027 Galfridi
1890 974 1956 1026 de
1992 972 2193 1025 Sancto
2215 968 2484 1022 Medardo

484 1062 550 1113 de
576 1061 735 1113 feodo
761 1060 971 1113 abbatis
999 1061 1065 1112 de
1092 1061 1275 1130 Burgo
1304 1061 1476 1113 sancti
1503 1060 1667 1114 Petri.

555 1145 764 1198 Dicunt
802 1144 948 1214 quod
988 1143 1153 1196 abbas
1181 1145 1247 1197 de
1292 1146 1475 1215 Burgo
1511 1146 1684 1198 sancti
1729 1146 1872 1198 Petri
1919 1144 2064 1215 capit
2106 1141 2390 1197 emendam
2417 1140 2485 1193 de

481 1230 650 1283 assisa
674 1230 829 1300 panis
856 1237 912 1282 et
955 1230 1177 1282 cervisie
1203 1249 1314 1283 non
1342 1230 1627 1283 observata
1651 1230 1791 1282 infra
1815 1230 2036 1283 feodum
2064 1247 2224 1281 suum
2251 1228 2318 1280 de
2347 1226 2486 1279 Gra-

481 1316 625 1380 ham‚
646 1323 702 1369 et
725 1315 889 1368 habet
916 1316 1299 1381 Standardum,
1325 1323 1381 1368 et
1407 1315 1652 1368 similiter
1676 1315 1841 1368 habet
1864 1315 2044 1369 visum
2070 1313 2239 1366 franci
2264 1312 2442 1383 plegii.

551 1402 796 1468 [Dicunt
824 1402 986 1454 etiam
1013 1403 1159 1472 quod
1186 1403 1431 1472 Rogerus
1457 1402 1507 1454 le
1544 1402 1670 1455 Keu
1695 1409 1849 1454 tenet
1874 1400 2153 1454 dimidiam
2179 1407 2483 1453 carucatam

477 1495 615 1540 terre
643 1488 709 1541 de
723 1488 882 1540 feodo
909 1489 976 1540 de
1005 1487 1193 1540 Gaunt
1210 1487 1268 1540 in
1293 1487 1585 1558 Thorleby‚
1611 1506 1715 1557 que
1743 1487 1951 1540 solebat
1975 1504 2094 1539 esse
2111 1485 2408 1555 geldabihs,
2428 1493 2485 1538 et

478 1575 642 1627 modo
677 1574 873 1628 clamat
888 1592 1006 1627 esse
1024 1574 1248 1627 liberam
1264 1573 1583 1626 auctoritate
1600 1573 1810 1626 abbatis
1833 1574 1899 1626 de
1917 1574 2102 1642 Bur-go
2124 1572 2306 1625 sancti-
2319 1572 2483 1625 Petri.

553 1660 678 1714 Quo
704 1660 967 1713 Warento
1003 1659 1310 1713 libertatum
1339 1659 1572 1712 Abbatis
1610 1660 1676 1712 de
1713 1659 1914 1712 Tornei
1951 1677 2131 1711 coram
2169 1657 2480 1727 justiciariis

480 1746 625 1815 apud
668 1746 1120 1799 Huntendoniam
1164 1746 1232 1798 de
1275 1745 1559 1798 hundredo
1605 1746 1671 1797 de
1715 1746 2100 1810 Normancros,
2146 1762 2287 1796 anno
2332 1743 2483 1813 regni

547 1915 734 1968 Abbas
777 1916 845 1968 de
886 1916 1085 1969 Tornei
1125 1917 1492 1970 summonitus
1535 1917 1637 1970 fuit
1680 1918 1749 1969 ad
1790 1915 2232 1986 respondendum
2258 1915 2480 1968 domino

480 2000 615 2068 Regi
660 2001 726 2053 de
770 2001 966 2069 placito
994 2020 1101 2071 quo
1127 2009 1364 2055 warento
1392 2003 1589 2055 clamat
1631 2001 1829 2054 habere
1872 2001 2218 2054 hundredum
2245 2001 2312 2054 de
2337 2002 2484 2054 Nor-

478 2104 743 2151 mancros,
786 2093 841 2139 et
880 2106 987 2156 quo
1026 2095 1264 2140 warento
1291 2088 1486 2140 clamat
1523 2086 1722 2140 habere
1763 2094 2058 2140 mercatum
2097 2094 2153 2139 et
2194 2087 2382 2139 feriam
2425 2087 2483 2139 in

476 2171 514 2224 J
517 2171 665 2223 akele
692 2178 748 2223 et
772 2171 1129 2237 Wodestone‚
1156 2179 1211 2224 et
1234 2172 1414 2225 visum
1439 2172 1610 2225 franci
1635 2172 1798 2242 plegii
1817 2180 1873 2225 et
1896 2173 2039 2243 weyf
2059 2172 2116 2224 in
2145 2172 2483 2238 Cestretona,

479 2257 756 2309 Overtona
781 2256 1115 2322 Watervilla,
1143 2257 1422 2310 Overtona
1449 2258 1786 2327 Lungevilla‚
1814 2257 2135 2323 Morburne,
2156 2257 2481 2327 Wassingle,

478 2342 669 2395 Sautre
719 2343 769 2393 le
820 2342 1046 2412 Moyne‚
1096 2342 1465 2412 Ludingtona,
1515 2343 1553 2396 J
1556 2343 1724 2409 akele‚
1776 2343 2106 2413 Stangrund,
2157 2343 2482 2408 Farsheved‚

478 2429 751 2493 Neutona‚
778 2427 1084 2493 Sibertona,
1113 2427 1474 2498 Stibingtona,
1502 2429 1918 2495 Walmesforde‚
1959 2430 2249 2494 Haddona,
2275 2429 2483 2482 Wode-

478 2522 653 2578 stone,
671 2532 776 2582 que
803 2514 871 2565 ad
895 2513 1076 2582 ipsum
1099 2515 1302 2583 Regem
1330 2523 1384 2567 et
1410 2522 1602 2580 cetera,
1624 2515 1739 2568 sine
1758 2516 1981 2569 licencia
1999 2523 2055 2569 et
2072 2516 2354 2569 voluntate
2380 2524 2480 2569 etc.

552 2600 628 2650 Et
652 2598 818 2650 abbas
845 2616 941 2667 per
966 2606 1298 2651 attornatum
1326 2618 1486 2652 suum
1502 2601 1654 2653 venit
1675 2609 1729 2653 et
1756 2602 1886 2654 dicit
1911 2620 2019 2671 quo
2044 2602 2112 2653 ad
2138 2602 2483 2654 hundredum

486 2686 551 2737 de
578 2685 947 2737 Normancros
968 2704 983 2748 3
1022 2684 1169 2752 quod
1193 2685 1504 2736 Willelmus
1532 2687 1650 2737 Rex
1678 2687 1980 2755 Anglorum
2007 2687 2276 2739 concessit
2299 2686 2482 2738 abbati

482 2779 537 2823 et
563 2770 839 2823 monachis
868 2771 933 2822 de
958 2770 1230 2822 Thorneia
1254 2771 1598 2822 hundredum
1625 2771 1692 2823 de
1718 2771 1774 2822 N
1777 2789 2085 2823 ormancros
2112 2772 2180 2823 ad
2222 2771 2368 2824 feodi
2393 2771 2484 2823 fir-

482 2875 625 2908 mam
667 2855 942 2909 annuatim
988 2874 1087 2925 pro
1114 2875 1160 2908 c.
1189 2856 1373 2909 solidis
1411 2856 1700 2909 reddendis
1725 2856 2027 2909 vicecomiti
2073 2856 2481 2910 Huntendonie.

482 2941 631 2993 Dicit
657 2941 817 2993 etiam
840 2941 984 3007 quod
1013 2940 1285 2993 Henricus
1307 2942 1425 2992 Rex
1440 2941 1737 3010 Anglorum
1764 2959 1861 3010 per
1887 2953 2086 2992 cartam
2113 2941 2342 2993 contulit
2361 2960 2482 3011 pre·

483 3028 627 3079 dicto
654 3026 836 3079 abbati
876 3035 931 3078 et
972 3027 1263 3079 conventui
1306 3027 1650 3079 hundredum
1678 3027 1744 3079 de
1772 3027 2138 3079 Normancros
2183 3028 2480 3081 tenendum

483 3114 548 3165 de
589 3114 709 3182 ipso
737 3113 803 3164 ad
848 3112 994 3164 feodi
1033 3112 1243 3164 firmam
1269 3130 1386 3182 pro.
1415 3131 1460 3164 6.
1490 3113 1674 3164 solidis
1701 3113 1981 3165 annuatim
2026 3114 2314 3166 reddendis
2339 3114 2482 3168 vice-

482 3199 667 3252 comiti
715 3198 1123 3251 Huntendonie.
1201 3198 1351 3251 Dicit
1394 3199 1555 3250 etiam
1595 3199 1741 3268 quod
1785 3199 2036 3251 dominus
2065 3200 2335 3252 Henricus
2364 3202 2481 3253 Rex

479 3285 692 3354 Anglie,
719 3286 829 3336 dux
849 3284 1184 3337 Normannie
1210 3291 1264 3336 et
1289 3285 1596 3352 Aquitanie,
1626 3285 1892 3337 concessit
1917 3285 2098 3338 abbati
2123 3294 2178 3338 et
2203 3287 2481 3339 monachis

483 3371 548 3425 de
573 3371 811 3424 Torneia
848 3370 1191 3423 hundredum
1219 3370 1285 3423 de
1313 3370 1678 3424 Normancros
1703 3371 1760 3423 in
1786 3371 1929 3424 feodi
1969 3371 2177 3425 firmam
2204 3371 2482 3425 annuatim
