2774 3952
967 431 1328 468 onnoNroON
1358 431 1908 469 PETROBURGENSE.
2349 422 2473 482 153,

451 562 591 608 terre
615 555 672 607 in
700 557 1091 628 Messingham.
1168 559 1321 611 Idem
1348 577 1477 612 vero,
1515 560 1703 612 Simon
1730 559 1889 612 faciet
1919 564 2120 612 sectam
2155 557 2223 609 ad
2248 559 2449 611 curiam

448 639 618 709 ipsius
645 641 853 694 abbatis
881 644 946 695 de
989 644 1167 713 Burgo
1193 662 1291 713 pro
1317 643 1462 697 dieto
1501 644 1793 714 mesuagiO,
1819 662 1871 696 Χ.
1898 643 2108 697 bovatis
2149 651 2204 695 et
2230 643 2450 696 dimidia

448 734 587 780 terre
613 730 887 798 predictiS,
907 731 972 783 de
998 730 1170 782 tribus
1197 731 1512 800 septimanis
1549 731 1606 782 in
1632 739 1740 783 tres
1768 730 2112 800 septimanas.
2188 731 2263 781 Et
2289 731 2450 783 solvit

449 811 593 865 dicto
638 814 820 867 abbati
862 834 959 886 per
1001 835 1202 868 annum
1250 815 1326 868 iii.
1371 815 1591 880 solidOS,
1634 815 1729 868 iiii.
1778 813 2046 879 denariOS,
2094 814 2346 868 videlieet
2394 835 2447 870 Χ.

447 897 696 952 denarios
737 918 836 970 pro
879 909 1041 954 turno
1066 900 1417 965 vicecomitiS,
1454 919 1507 952 Χ.
1548 899 1795 952 denarios
1832 918 1931 971 pro
1974 901 2360 971 franeoplegio,
2393 920 2447 953 x,

448 983 694 1037 denarios
743 1005 842 1056 pro
893 987 1069 1040 warda
1119 988 1185 1039 de
1224 986 1585 1056 Rokingham,
1630 994 1687 1040 et
1733 1004 1790 1041 Χ.
1833 986 2080 1040 denarios
2124 987 2192 1040 de
2232 988 2447 1040 annuali

445 1068 676 1122 redditu.
923 1080 928 1083 '

519 1155 938 1208 Memorandum
965 1157 1108 1226 quod
1147 1157 1570 1211 Estbutterwike
1606 1158 1841 1228 pertinet
1865 1159 1933 1212 ad
1971 1159 2364 1229 Messingham,
2390 1166 2445 1211 et

445 1248 529 1293 est
554 1250 731 1294 totum
759 1243 824 1295 de
849 1243 1008 1296 feodo
1035 1243 1263 1296 abbatis.

517 1328 937 1382 Memorandum
969 1330 1113 1400 quod
1150 1337 1259 1382 tres
1299 1337 1477 1399 partes
1517 1330 1582 1382 de
1627 1330 2000 1400 Messingham
2039 1338 2168 1382 sunt
2193 1331 2259 1383 de
2283 1330 2443 1383 feodo

443 1412 652 1466 abbatis
675 1415 740 1467 de
760 1416 943 1485 Burgo
971 1416 1142 1468 saneti
1163 1415 1326 1480 Petri,
1350 1416 1495 1467 unde
1524 1416 1711 1468 Simon
1735 1417 1974 1469 Creuker
1992 1424 2144 1469 tenet
2160 1417 2226 1468 de
2252 1416 2439 1468 eodem

442 1498 636 1552 abbate
687 1519 739 1553 Χ.
790 1500 1014 1553 bovatas
1064 1509 1204 1553 terre
1254 1510 1309 1553 et
1353 1501 1648 1566 dimidiam,
1693 1509 1749 1553 et
1791 1502 1918 1554 inde
1979 1510 2129 1554 tenet
2172 1501 2442 1554 Robertus

442 1583 779 1637 Forestarius
824 1586 957 1638 duas
996 1585 1219 1638 bovatas
1260 1594 1414 1638 terre.
1491 1587 1568 1638 Et
1614 1586 1891 1639 sciendum
1935 1587 2080 1656 quod
2120 1586 2294 1639 Alicia
2335 1587 2444 1640 filia

442 1667 679 1721 Simonis
726 1670 982 1734 Creuker,
1023 1689 1184 1739 quam
1227 1671 1465 1722 Thomas
1513 1672 1710 1723 Russel
1759 1673 1921 1723 frater
1962 1671 2168 1723 domini
2214 1672 2444 1724 Galfridi

440 1756 638 1808 Russel
663 1757 818 1809 duxit
853 1757 911 1809 in
944 1774 1186 1821 uxorem,
1213 1764 1364 1809 tenet
1404 1757 1538 1808 duas
1583 1757 1808 1811 bovatas
1836 1768 1974 1811 terre
2001 1759 2068 1810 de
2106 1758 2266 1811 feodo
2295 1759 2443 1811 Hos-

436 1840 636 1910 pitalis,
678 1860 781 1911 que
824 1859 936 1894 non
982 1848 1111 1893 sunt
1154 1841 1221 1894 de
1265 1859 1318 1894 Χ.
1362 1840 1574 1894 bovatis
1615 1850 1755 1895 terre
1796 1850 1852 1896 et
1891 1842 2131 1907 dimidia,
2170 1843 2336 1895 tentis
2375 1844 2441 1896 de

438 1927 631 1980 abbate
678 1928 864 1999 Burgi.
939 1929 1016 1982 Et
1055 1928 1217 1981 solvit
1259 1946 1358 1998 pro
1398 1928 1453 1980 ii.
1498 1928 1710 1982 bovatis
1750 1935 1890 1981 terre
1934 1928 2238 1994 antediem,
2282 1929 2439 1981 dictis

439 2013 895 2083 HospitalaribUS,
920 2013 1029 2065 viii.
1057 2013 1257 2065 solidos
1284 2031 1511 2065 annuos·

510 2100 699 2152 Simon
735 2118 864 2153 vero
905 2099 1144 2151 Creuker
1182 2099 1485 2152 antedictus
1522 2098 1650 2152 facit
1691 2107 1892 2152 sectam
1931 2100 1999 2152 ad
2036 2099 2236 2152 curiam
2262 2100 2436 2171 ipsius

434 2184 647 2237 abbatis
687 2185 754 2237 de
799 2186 981 2254 Burgo
1019 2202 1118 2254 pro
1155 2203 1208 2237 Χ.
1252 2185 1464 2238 bovatis
1505 2191 1645 2237 terre
1684 2193 1740 2237 et
1779 2185 1999 2238 dimidia
2040 2186 2330 2256 predictis3
2370 2188 2437 2240 de

433 2271 607 2324 tribus
659 2270 973 2341 septimanis
1022 2271 1080 2322 in
1125 2279 1233 2324 tres
1285 2271 1630 2340 septimanas,
1722 2272 1798 2324 Et
1840 2271 2002 2324 solvit
2053 2272 2197 2324 dioto
2248 2272 2433 2325 abbati

432 2356 711 2409 annuatim
754 2356 828 2409 iii.
870 2356 1089 2421 solidOS,
1131 2355 1225 2409 iiii.
1271 2356 1537 2421 denariOS,
1577 2374 1675 2426 pro
1716 2366 1878 2410 turno
1922 2359 2271 2423 vicecomitis,
2313 2360 2435 2413 visu

431 2442 778 2512 franeiplegii,
824 2442 999 2495 warda
1042 2441 1109 2494 de
1160 2441 1522 2513 Rokingham,
1571 2443 1789 2496 annuali
1845 2444 2061 2497 redditu
2119 2453 2176 2498 et
2218 2446 2435 2498 annuali

431 2527 821 2596 recognicione.

505 2613 660 2666 Prior
700 2613 864 2666 etiam
902 2612 968 2666 de
1005 2612 1339 2665 Thornholm
1381 2620 1531 2666 tenet
1568 2613 1626 2666 in
1667 2614 1855 2667 eadem
1878 2615 2006 2667 villa
2031 2615 2098 2668 de
2146 2615 2340 2669 abbate
2366 2617 2432 2669 de

430 2698 614 2768 Burgo
642 2698 719 2751 xi.
736 2697 961 2751 bovatas
981 2705 1120 2750 terre
1146 2705 1200 2750 et
1220 2697 1516 2762 dimidiam,
1542 2716 1665 2751 cum
1690 2699 1860 2764 tostis»,
1885 2699 1943 2751 in
1968 2717 2159 2769 puram
2185 2701 2433 2754 elemosi-

427 2802 573 2850 nam,
593 2791 648 2837 et
668 2783 783 2836 sine
802 2783 1070 2836 forinseco
1092 2783 1333 2836 servicio,
1401 2784 1478 2836 Et
1498 2791 1740 2853 preterea
1760 2791 1911 2837 tenet
1934 2783 2136 2837 ibidem
2154 2786 2220 2839 de
2239 2786 2431 2839 eodem

427 2871 595 2924 feodo,
614 2870 799 2940 Burgi,
825 2869 1061 2940 quinque
1084 2869 1309 2922 bovatas
1338 2877 1475 2922 terre
1501 2869 1568 2921 ad
1593 2869 1811 2938 geldum
1837 2877 1893 2922 et
1917 2870 2046 2922 facit
2070 2871 2429 2938 forinsecum3

60 2963 79 3014 (
78 2966 161 3015 fol.
174 2965 316 3005 cxxxii.
333 2964 407 3020 νο.)
437 2971 465 3025 s
484 2969 539 3010 et
554 2957 621 3010 de
635 2956 756 3009 istis
777 2956 1013 3025 quinque
1028 2955 1240 3008 bovatis
1267 2963 1405 3008 terre
1430 2954 1713 3025 respondit
1726 2955 2003 3008 Willelmo
2025 2957 2346 3010 Marescallo
2364 2959 2430 3011 de

429 3043 669 3111 scutagio
703 3049 759 3095 et
783 3042 898 3094 aliis
924 3042 1203 3095 forinsecis
1230 3049 1492 3110 quantum
1536 3041 1774 3110 pertinet
1816 3041 1884 3092 ad
1921 3049 2134 3094 tantum
2163 3044 2229 3096 de
2269 3045 2428 3097 feodo

427 3127 614 3179 militis
652 3127 861 3196 integro
903 3135 958 3180 et
998 3124 1221 3178 dimidio
1258 3124 1315 3175 in
1349 3124 1538 3176 eadem
1564 3123 1707 3188 villa,
1746 3130 1802 3176 et
1825 3124 1942 3193 ipse
1968 3125 2276 3178 Willelmus
2302 3127 2428 3178 inde

426 3211 721 3281 respondet
744 3212 780 3265 J
785 3211 986 3264 ohanni
1024 3210 1375 3281 Marmyoun,
1402 3216 1458 3262 et
1490 3209 1608 3279 ipse
1633 3208 1672 3262 J
1675 3209 1916 3264 ohannes
1942 3210 2125 3263 abbati
2152 3211 2217 3263 de
2244 3212 2427 3280 Burgo

429 3297 605 3351 saneti
631 3297 796 3349 Petri.

503 3399 692 3438 GAMD.
721 3396 844 3434 soc.
2169 3396 2207 3431 x
