2774 3952
973 425 1324 462 οΗιιοΝιοοΝ
1357 424 1898 462 PETROBURGENSE.
2340 409 2440 457 139

442 568 661 604 suorum
688 551 1033 620 proveniunt.
1110 552 1184 604 Et
1210 570 1317 622 quo
1339 552 1600 605 Warento
1621 552 1816 605 clamat
1833 551 2010 604 levare
2031 547 2213 602 debita
2233 548 2440 600 domini

442 636 602 706 Regis
639 637 777 690 infra
817 637 1117 707 predictum
1155 637 1474 703 manerium,
1500 645 1555 693 et
1594 638 1720 693 inde
1758 638 1826 693 ad
1867 635 2205 696 scaccarium
2232 633 2438 692 domini

441 722 602 792 Regis
628 724 952 792 respondere
978 742 1076 793 per
1095 743 1316 777 manum
1338 742 1509 789 suam,
1527 741 1630 793 que
1650 723 1718 776 ad
1743 722 2026 780 dominum
2042 722 2246 790 Regem
2267 726 2322 771 et
2347 735 2437 770 co-

439 826 628 862 ronam
654 828 807 862 suam
834 810 1126 880 pertinent,
1153 818 1255 864 etc.

510 895 586 947 Et
610 895 776 949 abbas
805 914 903 966 per
927 903 1257 950 attornatum
1278 914 1437 949 suum
1453 894 1604 948 venit
1623 902 1679 949 et
1693 894 1824 948 dicit
1843 912 1950 964 quo
1977 864 2044 947 ad
2063 893 2242 946 visum
2267 888 2438 942 franci

436 978 616 1048 plegii,
642 979 788 1049 quod
826 979 1022 1034 clamat
1063 987 1246 1034 tenere
1290 979 1594 1050 predictum
1639 979 1818 1032 visum
1862 979 1946 1032 bis
1986 996 2082 1048 per
2125 994 2347 1039 annum,
2381 981 2437 1026 et

434 1063 656 1133 inquirit
681 1064 747 1118 de
773 1063 1026 1117 omnibus
1052 1064 1288 1118 articulis
1309 1065 1376 1118 de
1402 1063 1598 1134 quibus
1617 1064 1917 1117 vicecomes
1943 1063 2166 1132 inquirit
2189 1062 2246 1113 in
2272 1069 2434 1113 turno

75 1154 170 1205 (fol.
191 1169 297 1197 cxxv.
327 1161 409 1210 ⁹⁰.)
436 1167 554 1203 suo·
628 1151 703 1204 Et
727 1151 858 1205 dicit
883 1152 1028 1221 quod
1053 1152 1209 1204 sedes
1237 1151 1466 1221 predicti
1492 1151 1738 1217 maneriis
1763 1158 1848 1203 est
1873 1151 1930 1203 in
1951 1140 2213 1209 comitatu
2237 1148 2345 1201 isto
2370 1145 2427 1196 in

71 1252 192 1290 Anno
211 1252 330 1290 Domi
317 1255 374 1291 ιιιι

71 1306 133 1342 Μο
137 1313 232 1346 .⁰.cc
253 1313 357 1346 octo-

67 1360 214 1409 gesimo
231 1366 355 1400 sexto.

66 2363 384 2403 Lincolnieseira.

77 2454 198 2494 flesse.

59 2869 286 2909 Betlesawe.

434 1243 586 1305 parte
608 1244 668 1290 et
691 1236 747 1290 in
774 1236 1036 1291 comitatu
1073 1236 1508 1290 Norhamtonie'
1495 1255 1552 1289 ιιι
1595 1244 1767 1306 parte,
1792 1245 1849 1290 et
1885 1237 2080 1293 clamat
2104 1244 2286 1289 tenere
2312 1249 2434 1302 pre-

436 1320 641 1374 dictum
665 1320 844 1374 visum
865 1321 932 1374 de
958 1321 1213 1375 omnibus
1239 1321 1739 1375 commorantibus
1726 1340 1783 1373 ιιι
1808 1321 2052 1391 predicto
2080 1319 2337 1374 manerio,

507 1405 821 1476 Requisitus
866 1406 913 1459 si
954 1406 1153 1460 habeat
1188 1407 1365 1460 furcas
1404 1415 1460 1460 et
1496 1406 1606 1460 alia
1628 1407 1902 1476 judicialia
1939 1407 2085 1477 apud
2122 1404 2338 1459 Undele
2375 1402 2432 1454 in

433 1492 692 1546 comitatu
719 1492 1114 1546 Norhamtonie
1148 1510 1251 1562 que
1277 1492 1588 1546 deserviunt
1611 1493 1853 1562 predicto
1880 1492 2118 1546 manerio
2144 1492 2211 1552 de
2239 1490 2429 1543 Stane-

434 1577 618 1646 wigge.

505 1662 766 1717 Quesitus
784 1661 830 1714 si
849 1662 1040 1732 aliquis
1058 1662 1368 1716 malefactor
1385 1671 1575 1732 captus
1597 1663 1668 1716 sit
1683 1664 1738 1716 ιιι
1759 1664 2021 1717 comitatu
2035 1663 2161 1727 isto,
2177 1661 2245 1715 ad
2271 1679 2433 1731 quam

431 1746 705 1817 prisonam
740 1747 935 1801 clamat
974 1748 1127 1803 illum
1154 1748 1456 1813 deducere3
1500 1750 1567 1801 ad
1593 1749 2091 1820 quodrespondere
2130 1766 2241 1801 non
2267 1754 2434 1800 curat.

407 1852 410 1856 ·
435 1832 543 1886 Sed
569 1832 700 1885 dicit
725 1833 873 1903 quod
898 1833 1093 1886 clamat
1111 1842 1295 1887 tenere
1319 1834 1498 1886 visum
1523 1835 1828 1903 predictum
1857 1836 1971 1888 sine
1996 1834 2196 1896 ballivo
2226 1832 2410 1903 Regis·

505 1919 821 1989 Requisitus
862 1926 997 1988 quot
1034 1919 1199 1972 habet
1240 1921 1588 1974 decennarios
1606 1943 1620 1985 3
1666 1922 1733 1974 ad
1771 1922 1917 1991 quod
1953 1920 2282 1989 respondere
2321 1935 2433 1982 non

431 2014 598 2060 curat.
1637 2063 1639 2065 ,
1869 2063 1872 2066 ,

503 2091 636 2144 Dies
662 2090 820 2143 datus
846 2096 931 2142 est
955 2089 1022 2142 de
1048 2089 1317 2142 audiendo
1346 2091 1551 2160 judicio
1578 2108 1677 2144 suo
1704 2110 1736 2143 a
1760 2091 1846 2144 die
1887 2091 2090 2144 Pasche
2114 2091 2171 2143 in
2197 2108 2289 2144 xv.
2317 2089 2431 2142 dies

430 2176 574 2246 apud
597 2173 1166 2239 westmonasterium,
1194 2193 1375 2228 coram
1410 2176 1742 2230 thesaurario
1781 2185 1836 2230 et
1860 2175 2154 2229 baronibus
2179 2175 2247 2228 de
2275 2175 2426 2228 Scae-

430 2260 589 2326 cariO,
615 2267 718 2314 etc.

504 2346 702 2401 Coram
727 2344 1136 2415 inquisitoribus
1163 2346 1309 2416 apud
1336 2345 1719 2400 Stanfordiam.

503 2434 540 2487 J
542 2433 681 2487 urati
706 2432 894 2486 dicunt
919 2432 1064 2502 quod
1101 2432 1206 2486 due
1234 2440 1479 2485 carucate
1518 2441 1658 2486 terre
1701 2433 1758 2486 in
1783 2434 2022 2505 Turleby
2047 2435 2114 2488 de
2158 2433 2319 2486 feodo
2363 2433 2430 2485 de

429 2519 481 2571 la
506 2518 662 2571 Mare
706 2516 951 2570 solebant
993 2534 1112 2569 esse
1148 2516 1444 2586 gildabiles‚
1471 2525 1526 2570 et
1563 2518 1726 2571 modo
1765 2519 1960 2572 clamat
1984 2537 2103 2574 esse
2130 2518 2337 2588 quietas
2364 2518 2430 2572 de

428 2602 703 2656 communi
741 2601 1174 2666 amerciamentO,
1202 2603 1423 2655 murdro
1465 2610 1520 2656 et
1557 2604 1692 2660 falso
1732 2603 1955 2673 judicio,
1982 2612 2038 2657 et
2075 2605 2269 2661 clamat
2312 2624 2430 2659 esse

427 2688 634 2759 quietas
679 2688 745 2742 de
790 2687 1051 2741 comitatu
1075 2695 1131 2740 et
1156 2695 1302 2741 secta
1327 2688 1393 2741 de
1419 2697 1766 2759 wappentaca
1803 2708 1899 2760 per
1923 2690 1960 2748 J
1964 2691 2232 2749 ohannem
2260 2712 2429 2763 quon-

427 2773 551 2826 dam
576 2772 827 2825 abbatem
854 2772 921 2826 de
948 2772 1133 2842 Burgo
1160 2773 1334 2827 sancti
1362 2772 1527 2839 Petri,
1555 2774 1651 2827 sed
1675 2775 1926 2835 nesciunt
1951 2794 2057 2846 quo
2083 2787 2339 2833 warento.

497 2858 706 2912 Dicunt
745 2857 890 2927 quod
931 2857 1099 2911 abbas
1144 2858 1212 2911 de
1255 2859 1439 2929 Burgo
1486 2860 1658 2913 sancti
1700 2860 1847 2913 Petri
1891 2861 2087 2915 clamat
2129 2863 2326 2918 habere
2370 2866 2426 2918 in

427 2943 708 3013 Osgoteby
734 2950 1016 3001 returnum
1041 2943 1221 2997 brevis
1249 2944 1455 2998 domini
1491 2945 1674 3015 Regis,
1701 2953 1757 2999 et
1779 2947 2039 3017 placitum
2065 2949 2220 3004 vetiti
2245 2952 2430 3016 namii,

427 3035 482 3083 et
506 3029 758 3098 quicquid
782 3029 1084 3083 vicecomes
1110 3030 1365 3100 placitare
1390 3038 1592 3100 potest.

463 3114 641 3166 Item
679 3114 874 3168 clamat
929 3115 1127 3168 habere
1166 3116 1345 3169 visum
1385 3116 1551 3170 franci
1595 3117 1757 3188 plegii
1800 3127 1856 3172 et
1898 3138 1960 3172 ea
1996 3138 2100 3190 que
2139 3123 2207 3175 ad
2249 3125 2424 3178 visum

423 3198 591 3251 franci
614 3199 775 3273 plegii
799 3200 1091 3270 pertinent.

497 3284 639 3339 Item
678 3284 871 3338 clamat
906 3287 1045 3352 waif,
1070 3287 1492 3357 infongenethef,
1520 3298 1574 3342 et
1611 3291 2034 3360 utfongenethef,
2081 3301 2134 3345 et
2177 3294 2428 3347 ameioia-

423 3377 608 3422 menta
632 3369 918 3423 hominum
947 3389 1190 3438 suorum,
1217 3382 1271 3427 et
1296 3375 1479 3432 omnia
1506 3376 1606 3428 alia
1632 3395 1697 3430 ex
1726 3378 1946 3430 murdro
1968 3386 2099 3429 etex
2129 3378 2243 3430 aliis
2271 3380 2426 3436 foris-
