2774 3952
85 1233 187 1271 Item
206 1233 280 1271 hoc
295 1245 412 1272 anno,

82 1874 131 1912 In
152 1875 240 1913 imis
261 1875 376 1915 foliis.

989 479 1343 515 CHRONICON
1375 481 1917 517 PETROBURGENSB·

456 606 544 659 vel
569 605 765 658 Martis
801 605 916 658 sine
952 605 1343 676 impedimento
1368 607 1455 659 vel
1481 606 1909 660 contradiccione
1945 605 2118 674 ipsius
2143 605 2354 659 abbatis
2393 610 2459 661 de

456 692 638 762 Burgo
665 699 720 745 et
746 710 1114 744 successorum
1159 710 1380 745 suorum
1420 693 1820 762 inperpetuum.
1909 691 1986 742 Et
2029 691 2273 744 similiter
2315 694 2461 762 quod

452 779 727 848 predictus
754 778 920 830 abbas
963 778 1029 830 de
1076 777 1356 830 Rameseia
1397 786 1452 829 et
1485 777 1734 829 homines
1780 777 1864 828 sui
1907 776 2145 828 habeant
2182 778 2459 847 pacificam

453 881 795 916 communam
816 863 870 915 in
899 865 1132 933 quodam
1157 869 1331 931 prato,
1357 861 1503 931 quod
1522 869 1745 914 vocatur
1775 859 2066 930 Killeseye,
2086 861 2162 912 ita
2187 863 2378 914 melius
2405 872 2460 916 et

450 948 670 1001 liberius
698 949 836 1001 sicut
855 949 1126 1018 predictus
1143 946 1468 1017 Beringerus
1484 954 1539 999 et
1558 946 1806 998 homines
1834 946 1919 998 sui
1943 946 2140 998 habere
2167 965 2460 1001 consueve-

451 1041 596 1087 runt.
672 1034 819 1086 Huic
852 1033 1052 1103 scripto
1092 1032 1263 1102 sigilla
1293 1031 1550 1085 abbatum
1594 1040 1650 1084 et
1692 1038 2059 1085 conventuum
2103 1032 2169 1085 de
2196 1033 2379 1102 Burgo
2405 1042 2461 1086 et

454 1120 702 1173 Ramesei
726 1120 1028 1173 alternatim
1056 1127 1186 1172 sunt
1209 1118 1508 1189 apposita*

525 1207 736 1260 Eodem
759 1215 1003 1276 tempore
1029 1225 1152 1259 cum
1190 1206 1444 1258 dominus
1481 1223 1576 1257 rex
1620 1204 1946 1274 obligaretur
1988 1204 2230 1274 predicto
2276 1205 2458 1259 abbati

453 1291 520 1344 de
547 1292 729 1361 Burgo
761 1291 818 1343 in
846 1290 1085 1357 (Lilibris
1111 1308 1209 1360 per
1231 1290 1466 1342 litteram
1492 1289 1864 1359 obligatoriam
1902 1309 1933 1342 a
1970 1290 2191 1342 domino
2216 1291 2253 1343 J
2257 1292 2458 1343 ohanni

451 1377 519 1430 de
564 1377 752 1430 Caleto
794 1376 988 1429 abbate
1027 1384 1220 1429 mutuo
1262 1376 1511 1446 receptiS,
1553 1376 1621 1428 ad
1663 1376 1989 1445 peticionem
2033 1376 2205 1446 ipsius
2244 1376 2456 1429 abbatis

452 1462 667 1514 Ricardi
691 1464 829 1515 facta
852 1469 939 1515 est
961 1462 1088 1515 inde
1113 1462 1365 1515 allocacio
1392 1462 1459 1514 ad
1485 1456 1808 1514 scaccarium
1851 1462 1990 1531 regis
2030 1480 2129 1531 pro
2167 1463 2456 1515 medietate

450 1547 594 1612 finis,
624 1565 784 1617 quem
808 1547 955 1617 prior
979 1555 1035 1599 et
1059 1555 1360 1600 conventus
1384 1547 1628 1600 fecerunt
1651 1565 1750 1617 pro
1776 1547 2062 1599 vacacione
2087 1547 2305 1600 abbacie
2330 1555 2458 1617 post

2390 473 2514 518 33.

451 1631 661 1685 obitum
686 1632 892 1686 domini
918 1632 1144 1686 Roberti
1168 1631 1398 1685 abbatis,

506 1858 532 1887 *
561 1862 787 1902 Edwardus
809 1863 885 1901 Dei
902 1863 1031 1912 gratia
1059 1873 1132 1900 rex
1151 1860 1314 1912 Anglie,
1346 1866 1421 1900 etc.

451 1930 675 1969 vicecomiti
687 1931 991 1978 Norhamtonie,
1005 1931 1189 1968 salutem.
1235 1930 1297 1968 Ex
1311 1934 1424 1979 parte

451 1998 603 2036 domini
616 2000 770 2037 abbatis
784 2000 834 2037 de
848 1999 984 2047 Burgo
999 1998 1112 2036 nobis
1130 2002 1190 2036 est
1209 2002 1423 2044 ostensum,

450 2066 560 2114 quod
592 2079 685 2104 cum
721 2071 767 2104 tu
804 2071 1014 2104 returnum
1046 2066 1257 2115 cujusdam
1293 2066 1424 2102 brevis

449 2134 574 2171 nostri
610 2134 684 2171 tibi
722 2135 863 2171 directi
910 2135 960 2171 de
1004 2133 1145 2171 averiis
1181 2133 1336 2170 abbatis
1373 2133 1423 2169 de

451 2200 641 2249 Ramesey
673 2201 953 2249 replegiandis,
975 2211 1054 2248 que
1071 2200 1274 2248 predictus
1302 2200 1424 2235 abbas

451 2267 502 2304 de
522 2267 659 2316 Burgo
677 2268 783 2304 infra
795 2267 1019 2304 libertatem
1038 2278 1150 2304 suam
1168 2278 1240 2315 pro
1259 2266 1422 2315 quibus-

451 2334 545 2372 dam
563 2334 798 2382 redditibus,
811 2334 1020 2383 arreragiis
1031 2338 1071 2371 et
1084 2335 1203 2370 rebus
1221 2334 1420 2380 arentatis,

450 2414 498 2439 ac
529 2402 843 2440 amerciamentis
881 2402 1034 2439 ratione
1065 2401 1282 2451 regalitatis
1313 2401 1419 2438 dicte

450 2470 642 2508 libertatis
660 2482 730 2507 sue
761 2470 813 2507 ad
845 2470 976 2519 ipsum
1005 2469 1309 2518 pertinentibus,
1329 2469 1418 2518 capi

449 2536 608 2584 fecerat,
646 2537 801 2574 ballivis
837 2537 1016 2586 ejusdam
1057 2536 1252 2574 libertatis
1288 2547 1418 2584 nuper

449 2604 588 2642 feceris
609 2620 620 2651 ;
637 2617 683 2642 ac
701 2605 852 2642 hiidem
871 2604 1007 2641 ballivi
1034 2604 1162 2653 parati
1182 2608 1309 2640 essent
1327 2615 1417 2654 pre-

447 2673 529 2710 fato
540 2673 674 2710 abbati
687 2673 737 2709 de
747 2673 937 2721 Ramesey
944 2672 1074 2709 averia
1087 2684 1158 2709 sua
1168 2672 1347 2721 predicta
1357 2682 1416 2708 re-

446 2740 649 2790 ple-giasse,
667 2741 719 2778 ad
737 2740 1059 2790 prosequendum
1086 2739 1286 2788 loquelam
1303 2739 1414 2776 illam

447 2808 489 2844 in
501 2808 711 2845 hundredo
725 2808 916 2845 libertatis
928 2807 1024 2845 dicti
1033 2807 1186 2845 abbatis
1201 2807 1251 2844 de
1265 2807 1414 2855 Burgo,

447 2876 549 2913 sicut
568 2876 611 2912 in
630 2876 901 2914 consimilibus
920 2875 1076 2913 casibus
1093 2875 1179 2912 fieri
1198 2875 1414 2921 consuevit,

447 2947 493 2981 tu
511 2955 685 2980 asserens
703 2943 902 2991 loquelam
927 2942 1036 2979 illam
1055 2943 1097 2979 in
1115 2942 1294 2991 predicto
1312 2942 1415 2978 hun-

446 3010 573 3047 dredo
604 3011 774 3059 predicti
805 3011 958 3047 abbatis
990 3011 1040 3047 de
1074 3010 1210 3060 Burgo
1236 3009 1417 3058 placitari

449 3090 530 3115 non
559 3078 716 3125 debere,
735 3090 781 3115 eo
809 3079 917 3127 quod
937 3078 1035 3115 dicis
1053 3090 1145 3115 eum
1164 3089 1246 3114 esse
1264 3081 1417 3126 partem

450 3149 490 3181 et
521 3145 702 3194 judicem
739 3145 781 3181 in
817 3145 893 3182 hoc
926 3157 1033 3192 casu,
1070 3145 1293 3182 libertatem
1331 3145 1417 3193 ejus

449 3212 598 3260 absque
633 3213 820 3250 mandato
848 3217 981 3250 nostro
1013 3213 1075 3250 vel
1107 3213 1185 3249 alia
1207 3224 1325 3249 causa
1357 3223 1416 3248 ra-

451 3278 636 3316 cionabili
649 3281 816 3327 intrasti,
829 3285 868 3318 et
884 3281 1023 3318 eadem
1036 3281 1167 3318 averia
1178 3280 1416 3326 deliberasti,

450 3346 662 3393 quominus
691 3347 796 3384 idem
826 3349 948 3385 abbas
978 3349 1028 3386 de
1062 3349 1198 3397 Burgo
1213 3348 1416 3398 justiciam

448 3413 638 3461 consequi
664 3414 794 3462 potuit
812 3415 862 3452 dc
881 3416 1090 3465 premissis,
1118 3416 1228 3454 unde
1255 3427 1416 3465 gravem

522 3509 709 3547 CAMD.
739 3511 859 3548 Soc.

1471 1862 1673 1912 jacturam
1692 1866 1731 1900 et
1749 1862 1944 1900 libertatis
1961 1874 2031 1900 sue
2057 1862 2247 1900 lesionem
2266 1862 2453 1900 incurrit.

1478 1929 1532 1968 Et
1564 1931 1660 1979 quia
1695 1931 1826 1968 eidem
1862 1931 1998 1968 abbati
2036 1931 2086 1968 de
2119 1931 2256 1980 Burgo
2294 1931 2337 1967 in
2375 1930 2452 1967 hac

1476 2003 1589 2047 parte
1607 1998 1812 2036 manifeste
1832 1999 2045 2048 injuriatus
2061 2010 2116 2045 es,
2135 1998 2341 2047 presertim
2360 2010 2454 2035 cum

1477 2066 1657 2115 cognicio
1675 2066 1833 2115 loquele
1861 2066 1968 2103 illius
1995 2066 2218 2115 specialiter
2235 2070 2383 2114 spectet
2402 2067 2453 2102 ad

1478 2134 1630 2170 curiam
1644 2131 1836 2171 libertatis
1851 2134 2042 2182 predicte,
2061 2134 2102 2170 in
2119 2145 2199 2181 qua
2213 2134 2319 2170 idem
2331 2134 2453 2170 abbas

1478 2200 1528 2237 de
1550 2201 1686 2250 Burgo
1704 2205 1865 2249 paratus
1887 2205 1944 2237 est
1963 2204 2066 2237 stare
2085 2204 2206 2246 recto,
2227 2205 2267 2237 et
2286 2201 2336 2237 de
2355 2212 2451 2237 con-

1477 2267 1736 2315 querentibus
1750 2267 1897 2304 exinde
1911 2267 2013 2304 sicut
2026 2267 2194 2315 quilibet
2210 2272 2422 2304 extraneus
2441 2282 2452 2313 ;

1475 2335 1546 2371 ubi
1565 2335 1598 2372 si
1615 2335 1794 2384 predicto
1811 2335 1946 2372 abbati
1966 2335 2015 2371 de
2036 2334 2229 2384 Ramesey
2248 2335 2385 2371 fuisset
2405 2335 2447 2372 in

1473 2402 1609 2452 aliquo
1629 2402 1877 2452 injuriatum,
1896 2402 2094 2438 sufficiens
2121 2402 2197 2438 sibi
2224 2402 2447 2439 remedium

1472 2470 1690 2508 feceremus
1709 2470 1816 2516 inde,
1847 2470 1922 2507 tibi
1954 2470 2194 2518 precipimus
2224 2470 2332 2518 quod
2360 2481 2448 2518 pre-

1472 2538 1598 2574 dictos
1617 2537 1782 2574 ballivos
1794 2537 1972 2586 predicte
1984 2537 2178 2574 libertatis
2192 2549 2311 2586 super
2330 2538 2448 2574 certis

1472 2605 1792 2642 districcionibus
1810 2604 1915 2641 infra
1933 2604 2101 2642 eandem
2129 2604 2352 2641 libertatem
2371 2617 2444 2652 pro

1471 2672 1670 2721 premissis
1696 2671 1900 2718 faciendis,
1926 2671 1987 2708 vel
2016 2671 2142 2708 eciam
2166 2683 2286 2720 super
2303 2672 2442 2721 cogni-

1468 2740 1650 2777 cionibus
1691 2739 1923 2789 hujusmodi
1969 2739 2231 2787 loquelarum,
2271 2751 2350 2787 que
2394 2740 2447 2776 ad

1469 2807 1745 2845 vicecomitum
1767 2807 1982 2856 pertinent,
2003 2807 2249 2853 exercendis,
2270 2819 2350 2843 non
2371 2807 2444 2843 im-

1468 2875 1605 2924 pedias
1651 2875 1750 2923 quin
1797 2886 1862 2912 eas
1902 2874 2092 2922 placitare
2132 2874 2295 2922 possint,
2344 2874 2447 2911 sicut

1469 2942 1677 2990 hucusque
1712 2941 1798 2978 fieri
1843 2941 2060 2978 consuevit.
2137 2940 2251 2978 Teste
2297 2941 2446 2989 meipso

1470 3009 1578 3058 apud
1612 3009 1817 3054 Cestriam,
1842 3021 1912 3046 xx.
1949 3008 2013 3046 die
2040 3007 2169 3055 Junii,
2197 3020 2303 3045 anno
2332 3008 2444 3056 regni

1476 3076 1621 3123 [nostri
1640 3075 1975 3124 decimo.]—The
2005 3076 2096 3112 date
2116 3075 2159 3112 of
2185 3075 2263 3112 this
2292 3075 2380 3111 writ
2414 3075 2446 3111 is

1471 3149 1561 3182 torn
1592 3144 1675 3190 0ff;
1706 3145 1780 3181 but
1813 3156 1863 3181 on
1897 3144 1965 3180 the
1993 3142 2092 3181 20th
2112 3142 2156 3180 of
2183 3143 2303 3188 June,
2325 3141 2444 3187 1282,

1472 3212 1586 3250 tenth
1605 3224 1698 3261 year
1717 3211 1760 3249 of
1774 3211 1837 3248 his
1851 3197 1981 3260 reign,
1996 3211 2106 3260 King
2122 3210 2296 3247 Edward
2310 3221 2388 3245 was
2403 3214 2443 3245 at

1473 3280 1649 3326 chester,
1669 3263 1847 3316 whereas
1874 3291 1925 3316 on
1951 3279 2019 3315 the
2050 3277 2149 3315 2oth
2169 3278 2243 3324 day
2262 3276 2305 3312 of
2320 3276 2441 3320 June,

1473 3345 1593 3393 1279,
1613 3346 1776 3384 seventh
1797 3346 1840 3383 of
1854 3346 1916 3383 his
1944 3346 2072 3394 reign,
2103 3345 2153 3381 he
2182 3355 2261 3379 was
2279 3346 2319 3378 at
2339 3341 2440 3377 Can-

1471 3413 1753 3463 terbury.—-T.
1775 3412 1820 3451 S.

2122 3509 2154 3542 F
