2774 3952
90 1037 192 1087 (sol.
214 1038 335 1076 lxxx.
356 1033 434 1086 r0.)

207 1133 435 1171 M⁰cclxix⁰.

223 1223 435 1260 M⁰cclxx⁰.

210 1297 434 1335 Mocclxxi0.

197 1394 436 1431 M⁰cclxxii⁰.

178 1643 436 1682 Mocclxxiii0.

155 2335 442 2377 Mooelxxoiiii0.

450 386 520 433 20
979 397 1332 434 CHRONICON
1362 398 1903 434 PETROBURGENSE.

449 522 728 575 Trinitatis
755 522 905 575 venit
942 523 1086 592 apud
1128 522 1370 592 Burgum
1416 541 1577 575 causa
1613 523 1888 586 visitandi,
1913 522 2102 574 volens
2143 522 2333 574 eodem
2373 520 2458 572 die

449 608 506 660 in
533 608 755 661 ecclesia
780 617 1081 661 conventus
1120 608 1333 678 publice
1373 607 1639 660 celebrare
1667 607 1882 659 ordines
1910 624 2056 670 suoe,
2085 606 2171 659 cui
2195 606 2456 676 porrectis

452 703 508 747 et
550 695 788 765 allegatis
831 695 1121 765 privilegiis
1166 696 1292 747 huic
1337 695 1560 747 ecclesie
1603 711 1766 764 super
1807 693 1912 744 hoc
1953 711 1984 743 a
2024 693 2170 744 curia
2213 694 2458 745 Romana

453 781 742 844 concessiS,
787 781 982 846 cessit,
1024 791 1078 833 et
1126 780 1225 832 ivit
1275 781 1419 849 apud
1466 780 1735 848 Stangrun
1781 785 1835 830 et
1873 776 2075 828 ibidem
2115 776 2171 827 in
2217 777 2458 829 Ecclesia

452 866 760 936 parochiali,
786 867 975 919 volens
1001 867 1278 936 privilegia
1310 884 1520 918 servare
1558 866 1727 930 illesa,
1755 863 1971 916 ordines
2000 880 2127 914 suos
2154 860 2456 914 celebravit.

457 952 621 1021 Hugo
648 951 715 1002 de
742 951 1030 1020 Sulegrave
1057 951 1221 1003 abbas
1259 951 1540 1004 Rameseie
1567 949 1718 1003 obiit.
1797 948 1902 1001 Cui
1929 946 2188 1000 successit
2208 947 2458 998 dominus

457 1037 763 1090 Willelmus
791 1036 856 1089 de
887 1037 1241 1090 Gomcestria.

532 1381 656 1435 Hoc
695 1399 837 1433 anno
883 1381 1018 1434 obiit
1054 1401 1147 1435 rex
1189 1382 1461 1435 Henricus
1501 1383 1698 1436 1111tus
1725 1382 1862 1435 circa
1897 1382 2098 1434 festum
2139 1380 2309 1432 sancti
2349 1380 2461 1431 Ed-

457 1467 665 1530 mundi,
716 1466 936 1518 domino
980 1465 1246 1520 Edwardo
1298 1468 1656 1538 primogenito
1709 1486 1808 1521 suo
1851 1485 2059 1520 moram
2107 1466 2354 1518 trahente
2403 1465 2459 1517 in

456 1552 699 1621 partibus
719 1553 881 1605 Terre
909 1552 1121 1606 Sancte.

532 1639 657 1690 Hoc
683 1657 825 1690 anno
852 1638 988 1691 obiit
1013 1639 1069 1691 in
1090 1639 1270 1708 vigilia
1291 1640 1463 1692 sancti
1485 1640 1733 1710 Gregorii
1759 1640 1901 1692 bone
1925 1639 2181 1692 memorie
2208 1637 2460 1690 dominus

457 1724 729 1777 Robertus
772 1725 838 1776 de
873 1724 1105 1777 Suttone
1146 1725 1312 1778 abbas
1353 1727 1510 1778 istius
1554 1727 1657 1779 loci
1709 1727 1765 1779 in
1809 1726 2177 1778 transmarinis
2218 1726 2462 1796 partibus

456 1809 514 1861 in
554 1810 747 1863 itinere
786 1829 977 1863 versus
1019 1811 1307 1864 concilium
1353 1813 1624 1882 Lugduno
1675 1821 1806 1865 tunc
1846 1812 2243 1865 celebrandum.
2335 1813 2460 1866 Quo

457 1904 734 1965 conpertO,
779 1904 1081 1948 conventus
1107 1897 1235 1950 fecit
1261 1897 1423 1950 finem
1450 1916 1549 1967 pro
1575 1897 1862 1950 vacacione
1887 1914 1985 1966 per
2009 1897 2229 1948 fratrem
2254 1896 2462 1948 Willel-

457 1999 608 2032 mum
635 1981 702 2032 de
729 1980 1031 2033 Wodeford
1066 1983 1517 2035 commonachum
1556 2002 1716 2034 suum
1755 2000 1853 2051 pro
1883 1998 2009 2034 ccc.
2051 1982 2243 2034 marcis
2282 2000 2462 2034 coram

458 2065 679 2117 domino
706 2066 950 2118 Waltero
979 2067 1045 2119 de
1077 2068 1333 2120 Mertone
1362 2075 1493 2121 tunc
1520 2068 1851 2121 Cancellario
1879 2067 2085 2120 domini
2108 2068 2247 2137 regis
2274 2075 2329 2120 et
2348 2068 2463 2120 aliis

459 2151 526 2203 de
553 2151 797 2217 consiliO,
824 2170 888 2204 eo
916 2153 1060 2222 quod
1087 2153 1341 2205 dominus
1379 2172 1474 2206 rex
1510 2173 1718 2206 moram
1756 2153 1921 2206 traxit
1944 2153 2000 2205 in
2034 2153 2277 2222 partibus
2302 2154 2465 2206 Terre

464 2237 675 2290 Sancte.

538 2324 664 2375 Hoc
702 2342 861 2388 anno,
887 2324 1110 2377 licencia
1136 2344 1166 2377 a
1192 2325 1413 2378 domino
1439 2343 1563 2395 rege
1600 2325 1773 2395 petita
1807 2333 1862 2377 et
1900 2324 2140 2390 obtenta,
2167 2332 2467 2378 conventus

462 2409 789 2462 unanimiter
814 2418 869 2461 et
894 2411 1231 2463 concorditer
1262 2411 1421 2480 elegit
1447 2412 1729 2463 dominum
1755 2411 2046 2464 Ricardum
2073 2411 2140 2463 de
2166 2411 2467 2463 Londoniis

462 2502 594 2546 tunc
621 2493 896 2546 sacristam
918 2495 1106 2563 quinto
1131 2495 1253 2547 idus
1279 2496 1498 2565 Aprilis·
1574 2497 1796 2549 Electus
1822 2505 2003 2549 autem
2040 2498 2180 2549 facta
2213 2496 2470 2549 fidelitate

464 2598 642 2632 coram
682 2580 905 2633 consilio
933 2580 1139 2632 domini
1173 2581 1311 2650 regis
1353 2581 1672 2646 LondoniiS,
1707 2590 1762 2634 et
1804 2591 2027 2652 optenta
2069 2582 2468 2647 benediccione,

465 2665 588 2734 quia
613 2665 835 2718 ecclesia
862 2685 958 2718 sua
983 2666 1214 2718 multum
1240 2666 1343 2718 fuit
1362 2675 1582 2719 onerata
1600 2685 1687 2719 ere
1707 2667 1881 2719 alieno
1908 2675 2151 2736 tempore
2178 2667 2467 2719 creacionis

468 2769 563 2803 sue
595 2750 652 2801 in
668 2746 947 2816 abbatem,
975 2750 1226 2803 videlicet
1263 2751 1320 2802 in
1347 2769 1514 2804 MMM.
1542 2752 1735 2804 marcis
1772 2760 1828 2804 et
1863 2753 2112 2821 ampliUS,
2138 2770 2237 2804 nec
2280 2751 2469 2803 habuit

466 2837 776 2889 facultatem
802 2836 1033 2889 faciendi
1069 2837 1345 2906 ingressus
1388 2856 1533 2903 SUOS,
1559 2838 1784 2891 consilio
1825 2838 1909 2890 sui
1935 2845 2233 2891 conventus
2261 2835 2471 2889 distulit

466 2923 769 2991 ingressum
814 2941 971 2974 suum
1012 2941 1183 2992 usque
1226 2923 1284 2974 in
1320 2934 1528 2976 'annum
1573 2931 1907 2994 sequentem.
1983 2923 2092 2977 Qui
2127 2923 2384 2975 simulans
2412 2940 2470 2974 se

470 3008 602 3060 velle
643 3007 720 3059 ire
760 3008 829 3059 ad
869 3008 1156 3060 concilium
1182 3009 1452 3078 Lugduno
1489 3018 1621 3062 tunc
1665 3009 2046 3063 celebrandum
2088 3009 2226 3061 circa
2267 3009 2468 3060 festum

468 3101 650 3146 sancte
696 3093 1000 3163 Margarete
1049 3112 1236 3146 versus
1281 3095 1513 3147 insulam
1571 3096 1638 3148 de
1688 3095 1865 3166 Wyht
1899 3096 2002 3147 iter
2053 3094 2294 3163 arripuit.
2392 3094 2469 3145 Et

468 3177 688 3244 ibidem,
714 3179 899 3248 paucis
927 3179 994 3230 de
1030 3178 1141 3230 suis
1178 3197 1360 3231 secum
1394 3181 1619 3233 retentis
1647 3199 1806 3233 causa
1833 3181 2026 3233 domus
2048 3198 2141 3232 sue
2168 3179 2466 3242 relevande,

471 3282 676 3317 moram
702 3264 864 3317 traxit
889 3282 1060 3334 usque
1085 3264 1152 3315 ad
1178 3265 1377 3316 festum
1406 3265 1578 3316 sancti
1603 3265 1888 3318 Michaelis
1916 3283 2161 3335 sequens.

545 3350 685 3403 Item
730 3350 834 3404 hoc
860 3368 1002 3403 anno
1029 3349 1167 3403 circa
1191 3349 1389 3402 fest-um
1419 3350 1769 3404 Pentecoste-s
1814 3350 2140 3404 celebratum
2167 3350 2269 3403 fuit
2294 3350 2471 3404 conci-
