2774 3952
77 2867 172 2916 (foc.
193 2881 277 2907 cxx.
299 2868 376 2920 νο.)

983 445 1336 481 cunomcoN
1364 446 1908 487 PETROBURGENSE,
2350 435 2447 483 131
2479 485 2483 489 ,

451 574 686 620 servatas
725 570 1125 623 constabulares
1164 571 1598 625 consuetudines·
1673 573 1749 625 Et
1772 572 2025 625 volumus
2051 578 2115 623 ut
2138 570 2273 641 ipse,
2298 572 2451 625 here-

449 649 650 720 desque
676 653 792 722 ejus
817 663 947 723 post
970 655 1170 725 ipsum,
1207 655 1502 709 honorifice
1526 663 1584 709 et
1621 657 1678 708 in
1703 675 1834 726 pace
1877 664 1934 709 et
1969 655 2136 709 libere
2161 657 2449 709 constabu-

446 734 616 788 latum
664 740 967 807 predictum
1015 749 1253 795 teneant.
1330 742 1516 811 Hujus
1567 741 1930 796 concessionis
1969 749 2137 794 testes
2183 748 2311 793 sunt
2358 742 2449 794 isti

446 819 547 870 viri
572 821 907 876 subtitulati:
949 825 1218 879 Robertus
1243 825 1410 878 abbas
1451 825 1700 891 Torneie,
1728 825 2003 879 Galfridus
2029 833 2084 878 et
2119 825 2446 895 Vymundus

445 907 710 970 monachi,
739 915 794 961 et
818 908 907 961 alii
931 927 1119 963 omnes
1145 910 1387 964 Ecclesie
1412 910 1479 963 de
1506 911 1706 980 Burg0.

518 990 662 1044 Istos
688 992 938 1045 articulos
965 993 1299 1064 subscriptos
1324 994 1483 1064 petiit
1526 995 1779 1048 dominus
1808 995 2084 1048 Galfridus
2112 995 2179 1048 de
2212 995 2264 1047 la
2290 995 2446 1049 Mare

444 1074 512 1126 ad
537 1075 988 1128 constabulatum.

515 1160 603 1211 Ad
629 1160 1046 1214 declaracionem
1071 1163 1156 1215 sui
1173 1163 1311 1233 juris
1336 1164 1394 1216 in
1417 1165 1652 1234 petendo
1694 1165 1947 1219 ballivam
1973 1164 2365 1218 constabularie
2391 1173 2447 1218 et

443 1245 902 1313 specificacionem
927 1246 1274 1300 articulorum
1306 1249 1481 1318 ipsam
1507 1249 1959 1302 constabulariam
1997 1249 2444 1318 contingentium,

443 1330 573 1382 dicit
598 1338 652 1383 et
675 1331 949 1401 proponit,
979 1333 1124 1401 quod
1150 1341 1515 1386 antecessores
1543 1334 1627 1385 sui
1653 1335 1859 1387 onerati
1883 1335 2104 1387 fuerunt
2129 1333 2196 1386 ab
2223 1334 2446 1404 antiquo

441 1414 510 1466 ad
527 1415 825 1468 faciendam
846 1416 1331 1470 summonicionem
1358 1418 1567 1471 servicii
1594 1418 1837 1470 militaris
1858 1419 2111 1471 omnibus
2131 1419 2445 1471 tenentibus

442 1499 508 1551 de
523 1499 763 1553 Abbacia
781 1500 966 1571 Burgi,
991 1518 1089 1571 per
1112 1502 1218 1554 tale
1245 1502 1545 1567 servicium,
1572 1503 2088 1572 quoscienscumque
2116 1504 2234 1555 Rex
2252 1503 2446 1572 Anglie

438 1584 772 1637 mandaverit
795 1585 998 1639 Abbati
1041 1587 1108 1639 de
1134 1587 1316 1656 Burgo
1341 1605 1439 1655 pro
1467 1587 1692 1640 servicio
1720 1606 1836 1653 su0,
1864 1588 2163 1640 secundum
2200 1595 2446 1640 tenorem

437 1669 678 1720 mandati
715 1669 876 1722 illius.
951 1669 1010 1722 Si
1051 1688 1179 1723 vero
1206 1671 1368 1740 aliqui
1408 1671 1485 1724 sic
1513 1672 1829 1724 summoniti
1853 1672 2025 1742 parati
2069 1690 2183 1724 non
2207 1672 2446 1736 veniant,

437 1753 507 1806 ad
543 1754 724 1823 ipsum
751 1762 959 1824 spectat
985 1756 1283 1808 secundum
1323 1757 1547 1808 modum
1573 1757 1856 1827 antiquum
1895 1776 2007 1810 non
2032 1757 2312 1810 venientes
2340 1757 2449 1809 dis-

437 1839 668 1908 tringere
694 1847 750 1892 et
773 1840 1093 1909 compellere
1119 1841 1187 1893 ad
1214 1840 1457 1893 debitum
1481 1842 1764 1896 servicium
1791 1842 2114 1895 faciendum.
2179 1842 2265 1893 Ita
2302 1843 2448 1910 quod

439 1924 627 1976 Abbas
666 1925 731 1977 de
773 1925 956 1995 Burgo
995 1944 1183 1978 versus
1229 1927 1433 1994 Regem
1477 1927 1700 1980 omnino
1740 1935 2087 1980 conservetur
2122 1925 2448 1994 indempnis·

440 2009 574 2061 Post
596 2010 792 2062 factam
816 2027 944 2062 vero
972 2010 1460 2062 summonicionem
1487 2010 1618 2062 dicit
1643 2012 1790 2080 quod
1815 2011 1977 2064 debet
2002 2030 2127 2063 cum
2146 2030 2256 2063 uno
2277 2011 2447 2065 milite

439 2093 506 2145 de
532 2094 782 2146 comitiva
808 2113 904 2146 sua
929 2095 1227 2147 conducere
1254 2095 1451 2147 milites
1477 2095 1639 2147 modo
1667 2096 1973 2165 supradicto
1996 2095 2359 2148 summonitos
2377 2096 2446 2147 ad

439 2180 662 2247 Regem,
686 2179 774 2230 vel
816 2179 943 2231 alibi
969 2180 1038 2231 ad
1076 2179 1248 2248 ipsius
1277 2179 1440 2248 Regis
1483 2188 1818 2249 preceptum,
1859 2199 1986 2233 cum
2011 2180 2162 2249 equis
2189 2188 2245 2232 et
2283 2183 2446 2234 armis

438 2271 672 2330 paratOS,
692 2271 747 2316 et
764 2264 914 2333 ipsos
934 2265 1096 2317 etiam
1116 2264 1401 2334 disponere
1425 2272 1681 2334 tanquam
1709 2265 2154 2330 constabulariUS,
2174 2285 2334 2335 quam
2354 2267 2447 2319 diu

439 2357 655 2418 tempus
700 2349 909 2402 servicii
949 2350 1238 2414 duraverit,
1279 2350 1391 2403 sive
1431 2351 1793 2403 summonitus
1834 2351 1995 2403 fuerit
2035 2351 2103 2402 ad
2143 2352 2446 2404 custodiam

438 2434 598 2485 castri
624 2434 690 2486 de
716 2434 1078 2504 Rokingham,
1122 2435 1235 2488 sive
1273 2434 1400 2486 alibi
1439 2435 1761 2504 ubicumque
1800 2436 1939 2488 infra
1981 2454 2206 2505 regnum
2231 2437 2445 2506 Anglie.

438 2519 515 2570 Et
537 2519 637 2571 hec
663 2519 844 2572 omnia
867 2520 984 2572 fieri
1009 2520 1210 2573 debent
1243 2528 1299 2572 et
1325 2529 1723 2573 consueverunt
1747 2521 1816 2572 ad
1842 2529 2094 2590 sumptus
2121 2520 2351 2573 Abbatis
2378 2522 2445 2574 de

437 2604 638 2672 Burg0,
682 2612 746 2656 ut
790 2604 936 2669 dicit,
979 2605 1055 2657 ita
1079 2605 1328 2658 videlicet
1368 2606 1514 2675 quod
1556 2605 1722 2658 abbas
1759 2606 2056 2659 constituat
2098 2606 2331 2675 aliquem
2377 2607 2443 2660 de

437 2689 567 2754 suiS,
593 2708 754 2759 quem
778 2691 1026 2755 voluerit,
1052 2691 1143 2760 qui
1177 2692 1339 2744 vadat
1379 2710 1503 2744 cum
1527 2691 1772 2762 predicto
1801 2691 2064 2757 Galfrid0‚
2091 2700 2146 2744 et
2189 2700 2440 2762 sumptus

437 2774 766 2826 necessarios
794 2774 896 2826 sibi
921 2782 976 2827 et
1002 2775 1112 2827 suis
1138 2776 1394 2828 inveniat.

509 2864 532 2924 l
558 2860 699 2911 Item
723 2860 997 2929 predictus
1027 2861 1302 2913 Galfridus
1330 2861 1461 2914 dicit
1486 2862 1633 2930 quod
1660 2862 1706 2914 si
1730 2862 1917 2914 Abbas
1945 2863 2010 2915 de
2038 2864 2222 2932 Burgo
2247 2863 2443 2917 habeat

438 2943 655 3012 aliquod
679 2944 937 2996 nuncium
963 2945 1267 2996 faciendum
1293 2945 1431 2996 infra
1458 2946 1706 3013 Regnum
1734 2947 1943 3015 Anglie,
1976 2946 2122 2999 idem
2165 2947 2440 3000 Galfridus

442 3027 603 3080 debet
628 3029 835 3081 onerari
861 3029 928 3081 ad
953 3029 1087 3081 illud
1129 3030 1436 3082 faciendum
1462 3049 1558 3100 per
1584 3049 1640 3082 se
1666 3031 1846 3100 ipsum
1871 3033 1958 3084 vel
1984 3033 2190 3101 aliquos
2217 3034 2284 3086 de
2311 3034 2439 3098 suiS,

440 3112 721 3180 quosciens
747 3132 884 3183 opus
909 3114 1088 3178 fuerit,
1115 3122 1170 3167 et
1213 3115 1316 3166 hoc
1343 3114 1651 3183 sumptibus
1677 3115 1905 3184 predicti
1930 3116 2158 3181 abbatis,
2186 3126 2248 3169 ut
2272 3118 2438 3186 prius·

441 3196 528 3247 Ita
568 3196 818 3250 videlicet
860 3199 1006 3268 quod
1051 3199 1097 3250 si
1138 3199 1315 3251 dietus
1346 3198 1621 3251 Galfridus
1660 3200 1843 3252 mittat
1883 3201 2112 3270 aliquem
2141 3201 2206 3253 de
2234 3201 2343 3252 suis
2370 3201 2438 3252 ad

437 3279 740 3350 predictum
779 3283 1037 3335 nuncium
1080 3283 1404 3349 faciendum,
1446 3285 1620 3355 capiat
1647 3286 1712 3338 de
1747 3286 1959 3339 Abbate
1999 3285 2220 3355 singulis
2248 3284 2435 3336 diebus

440 3364 496 3416 in
523 3364 699 3417 eundo
726 3373 781 3418 et
804 3366 1078 3420 redeundo
1104 3368 1195 3421 xii.
1223 3368 1486 3422 denarios,
