2774 3952
973 427 1327 463 CHRONICON
1357 429 1898 465 PETROBURGENSE.
2410 414 2442 460 9

441 550 817 604 tamdecimam
867 553 1120 605 dominus
1172 556 1288 606 Rex
1338 555 1604 608 concessit
1651 555 1925 607 libertates
1993 552 2047 604 in
2099 551 2251 604 brevi
2312 570 2441 603 con-

441 642 636 689 tentas·

229 723 415 765 Mcexxv.
514 723 669 776 Obiit
686 724 724 776 J
728 725 967 777 ohannes
989 724 1564 795 Eliensis‘episcopus3
1592 725 1849 779 successit
1871 724 2146 777 Galfridus
2169 724 2235 776 de
2256 724 2439 792 Burgo

438 809 842 863 archidiaconus
869 810 1246 863 Norwicensis.

205 903 415 946 Mcoxxvi.
509 894 814 947 Alexander
849 894 1014 947 abbas
1041 895 1178 948 obiit
1199 896 1257 947 in
1281 896 1461 966 vigilia
1486 896 1657 949 sancti
1683 896 2013 961 Eadmundi‚
2039 903 2095 948 et
2118 896 2175 947 in
2202 894 2436 947 crastino

437 979 697 1048 sepultus,
774 979 1046 1032 Martinus
1073 981 1138 1032 de
1166 981 1447 1034 Rameseia
1484 982 1685 1034 electus
1711 982 1823 1034 iiii0.
1849 1000 1978 1034 non.
2005 980 2341 1044 DecembriS‚
2381 987 2437 1032 et

432 1063 491 1115 in
534 1064 736 1118 octavis
777 1065 947 1117 sancti
984 1066 1201 1119 Andree
1238 1086 1269 1118 a
1308 1067 1528 1120 domino
1568 1069 1715 1137 Rege
1756 1067 1996 1120 Henrico
2023 1067 2134 1119 filio
2170 1066 2308 1135 regis
2335 1066 2372 1118 J
2376 1084 2434 1117 o-

431 1148 626 1200 hannis
651 1155 918 1218 recethS‚
944 1157 999 1202 et
1024 1151 1215 1202 eodem
1251 1151 1336 1204 die
1380 1150 1446 1203 ab
1490 1151 1745 1221 episcopo
1773 1151 2056 1204 Lincolnie
2086 1151 2322 1220 Hugone
2350 1168 2434 1202 se·

432 1235 628 1300 cundo,
665 1236 981 1288 examinatis
1007 1236 1184 1306 priore
1210 1245 1265 1290 et
1290 1237 1406 1289 aliis
1433 1237 1606 1290 tribus
1634 1238 1933 1302 monachiS,
1974 1238 2321 1291 confirmatus
2348 1244 2435 1289 est

429 1318 485 1369 in
512 1319 712 1389 capella
738 1326 919 1373 sancte
946 1320 1204 1373 Katerine
1229 1322 1375 1391 apud
1399 1322 1966 1387 Westmonasterium,
1984 1331 2039 1375 et
2063 1323 2120 1374 in
2147 1321 2232 1374 die
2259 1320 2432 1374 sancti

429 1404 698 1457 Johannis
736 1405 1072 1475 ewangeliste
1111 1407 1254 1477 apud
1287 1407 1564 1477 Tinghirst
1589 1408 1656 1475 ab
1683 1409 1873 1461 eodem
1899 1409 2154 1478 episcopo
2179 1408 2432 1460 benedic-

427 1489 630 1542 tionem
659 1509 812 1543 suam
838 1499 1159 1544 consecutus
1186 1500 1286 1558 est,
1313 1500 1368 1545 et
1394 1493 1479 1547 die
1505 1494 1795 1547 Dominica
1833 1494 1972 1547 infra
2012 1494 2229 1548 octabas
2256 1493 2428 1562 Ephi-

425 1574 567 1627 fanie
593 1577 737 1645 apud
765 1576 1008 1647 Burgum
1034 1585 1283 1648 receptus
1310 1586 1410 1631 est.

181 1657 400 1699 Mcexxvii.
500 1660 624 1713 Hoc
664 1680 807 1714 anno
848 1663 1063 1731 pacavit
1097 1663 1165 1715 ad
1200 1664 1538 1717 Scaccarium
1578 1667 1644 1720 de
1683 1666 1866 1720 debito
1902 1667 2107 1720 domini
2136 1667 2430 1720 Alexandri

423 1745 633 1799 abbatis
681 1766 780 1818 pro
831 1748 1295 1803 disaforestatione
1358 1751 1694 1822 Nassiburgi,
1758 1754 2145 1824 quinquaginta
2202 1773 2425 1807 marcas·

423 1831 635 1884 Eodem
678 1851 820 1885 anno
865 1833 1001 1886 obiit
1041 1834 1369 1887 Benedictus
1411 1835 1697 1906 episcopus
1741 1838 2030 1904 RoffensiS,
2072 1846 2128 1891 et
2168 1839 2428 1891 successit

424 1918 695 1971 Henricus
736 1919 802 1972 de
849 1919 1079 1973 Sanford
1129 1921 1534 1974 archidiaconus
1577 1922 1885 1989 Cantuarie,
1937 1925 2031 1994 qui
2081 1933 2425 1977 consecratus

419 2011 504 2057 est
541 2004 600 2056 in
640 2006 840 2074 capella
884 2006 1090 2059 domini
1126 2007 1391 2076 Stephani
1425 2006 1832 2062 Cantuariensis
1874 2011 2019 2080 apud
2061 2010 2424 2074 Cantuariam,

417 2096 638 2158 propter
663 2091 1081 2144 controversiam
1108 2110 1211 2161 que
1236 2092 1339 2144 fuit
1363 2091 1505 2144 inter
1530 2095 1826 2147 monachos
1854 2094 2144 2147 Cantuarie
2182 2103 2238 2148 et
2277 2097 2423 2147 Rou-

416 2174 623 2240 cestrie,
665 2193 825 2244 super
861 2175 1051 2228 baculo
1089 2177 1346 2246 pastorali
1385 2178 1657 2231 Roffensis
1699 2180 1939 2232 ecclesie.
2014 2180 2227 2233 Eodem
2277 2200 2419 2233 anno

413 2257 540 2311 fecit
581 2259 852 2312 Martinus
888 2260 1055 2313 abbas
1105 2262 1408 2314 confirmari
1451 2271 1622 2315 cartas
1649 2282 1772 2316 suas
1817 2284 1848 2317 a
1872 2283 1995 2334 rege
2023 2266 2281 2331 HenriCO,
2306 2266 2419 2319 filio

411 2345 550 2414 regis
575 2346 614 2398 J
616 2347 862 2412 ohannis,
881 2366 980 2418 pro
1009 2347 1212 2400 sexcies
1238 2348 1467 2418 vinginti
1507 2350 1699 2402 marcis
1726 2352 1932 2420 argenti
1956 2353 2024 2405 ad
2051 2371 2188 2422 opus
2216 2354 2422 2406 domini

412 2429 595 2500 Regis,
632 2438 687 2484 et
711 2431 895 2484 xxviii.
940 2432 1134 2485 marcis
1161 2433 1231 2484 ad
1256 2451 1394 2502 opus
1423 2433 1758 2500 Cancellarii‚
1798 2437 2038 2507 exceptis
2078 2439 2262 2490 multis
2303 2440 2420 2491 aliis

411 2516 586 2570 donis,
658 2517 870 2569 Eodem
908 2536 1050 2570 anno
1090 2517 1225 2570 obiit
1259 2519 1491 2571 Brianus
1519 2521 1585 2572 de
1617 2521 1669 2572 la
1695 2522 1868 2587 Mara,
1907 2529 1963 2575 et
2000 2523 2252 2575 dominus
2280 2525 2416 2587 Rex,

410 2618 533 2652 cum
572 2601 823 2654 transiret
846 2619 943 2671 per
966 2610 1146 2671 partes
1185 2602 1304 2655 illas
1329 2621 1517 2656 versus
1544 2605 1854 2658 Eboracum
1891 2614 2016 2659 ante
2043 2607 2257 2673 Natale,
2290 2609 2419 2661 fecit

410 2685 582 2739 saisiri
617 2687 675 2739 in
711 2705 934 2739 manum
973 2706 1125 2740 suam
1158 2695 1356 2741 terram
1390 2689 1619 2758 predicti
1657 2691 1862 2756 Briani,
1915 2691 2040 2761 quia
2077 2693 2180 2744 fuit
2218 2694 2418 2747 foresta

406 2771 622 2825 marisci
647 2772 713 2824 de
741 2772 1076 2826 Ketstevene
1102 2780 1157 2825 et
1190 2773 1257 2825 de
1293 2773 1601 2827 Hoilandia.
1675 2776 1753 2827 Et
1778 2775 1943 2828 abbas
1986 2777 2218 2846 quesivit
2254 2778 2417 2832 breve

410 2857 616 2910 domini
652 2858 815 2928 Regis
853 2858 922 2910 ad
960 2859 1252 2928 Hugonem
1292 2859 1358 2911 de
1396 2859 1611 2912 Nevilla
1648 2868 1780 2913 tunc
1817 2861 2175 2930 justiciarium
2216 2865 2415 2918 foreste

413 2942 479 2994 de
517 2941 865 3012 inquisitione
904 2943 1161 3005 facienda,
1202 2951 1386 2996 utrum
1425 2944 1574 3014 prius
1615 2946 1847 2999 fuissent
1884 2954 2250 3002 antecessores
2285 2950 2415 3003 dicti

413 3026 599 3079 Briani
616 3026 784 3079 feffati
810 3027 875 3079 de
893 3027 1055 3080 domo
1073 3028 1256 3097 Burgi,
1273 3047 1341 3080 an
1368 3029 1434 3081 de
1459 3030 1691 3096 foresta3
1718 3039 1773 3084 et
1799 3032 1874 3085 sic
1902 3034 2041 3085 facta
2065 3034 2413 3104 inquisitione

413 3130 510 3181 per
531 3112 624 3166 xii.
648 3113 843 3182 legales
879 3111 1126 3164 homines
1165 3113 1309 3182 apud
1347 3114 1580 3179 Bemek,
1606 3123 1662 3168 et
1686 3117 2003 3169 transmissa
2029 3118 2249 3171 domino
2277 3120 2411 3188 Regi

46 3203 142 3255 (fol.
168 3203 298 3245 lxxiii.
318 3203 394 3258 νῦ.)
415 3197 516 3250 sub
561 3197 744 3268 sigillis
788 3197 993 3250 domini
1020 3198 1272 3267 Hugonis
1310 3206 1366 3251 et
1388 3199 1708 3268 juratorum,
1748 3220 1926 3254 coram
1951 3204 2157 3268 [multis
2197 3204 2409 3255 baroni-

412 3279 516 3333 bus
564 3282 865 3352 adjudicata
913 3282 1016 3335 fuit
1063 3283 1242 3336 warda
1289 3291 1429 3337 terre
1477 3286 1706 3354 predicti
1756 3288 1941 3340 Briani
1986 3289 2128 3341 dicto
2166 3289 2407 3342 Martino

411 3364 591 3418 abbati
616 3366 807 3418 ensuis
834 3366 1251 3432 successoribuS‚
1289 3375 1344 3421 et
1377 3367 1543 3421 abbas
1568 3369 1714 3422 illam
1739 3371 1971 3426 wardam
2006 3371 2272 3426 concessit
2310 3373 2406 3426 do-

481 3467 669 3504 CAMD.
697 3467 819 3504 SOO.
2083 3474 2115 3509 c
