2774 3952
513 417 613 465 144-
1043 431 1402 468 οΗηοΝιοοΝ
1444 432 1991 470 PETRoBURGENsE.

507 574 605 625 pro
632 564 946 610 tenemento
974 558 1118 627 quod
1145 558 1211 610 de
1232 558 1427 611 abbate
1454 567 1605 612 tenet
1630 560 1686 611 in
1714 558 2122 628 Yrthingburia,
2148 558 2398 612 videlicet
2414 577 2512 629 pro

508 649 737 710 quatuor
777 643 996 712 virgatis
1035 651 1192 709 terre,
1218 643 1563 712 presentibus
1602 643 1859 712 magistro
1887 642 2128 694 Roberto
2173 643 2239 695 de
2284 643 2515 696 Sceffeld

506 733 638 779 ωηο
676 728 969 780 senescallo
1016 728 1201 798 Burgi,
1254 728 1503 802 Gilberto
1541 729 1607 780 de
1647 727 1881 779 Suttona
1922 726 2342 779 subvicecomite
2384 735 2517 779 tunc

509 812 920 878 Huntendonie,
947 802 1003 865 et
1028 814 1145 865 aliis
1171 813 1373 866 ibidem
1399 814 1665 884 pluribus,

578 898 742 951 Anno
769 899 976 952 domini
1002 901 1218 952 M⁰.cc⁰.
1258 900 1589 969 octogesimo
1628 917 1795 962 non0,
1823 897 2079 950 dominus
2118 897 2403 950 Johannes
2449 897 2516 949 de

506 982 656 1053 Boys
682 984 809 1036 fecit
848 985 1161 1054 homagium
1207 986 1429 1037 domino
1473 986 1704 1038 Ricardo
1738 986 1804 1037 de
1832 983 2133 1036 Londoniis
2176 982 2374 1048 abbati,
2416 1000 2515 1051 pro

504 1072 817 1120 tenemento
852 1069 999 1137 quod
1026 1070 1092 1121 de
1117 1069 1238 1139 ipso
1264 1077 1417 1122 tenet
1440 1070 1497 1121 in
1522 1070 1826 1122 Wodeford
1865 1078 1919 1121 et
1959 1067 2104 1132 alibi,
2131 1086 2221 1119 xv.
2257 1066 2516 1118 kalendas

503 1152 757 1221 Augusti,
782 1153 838 1205 in
864 1155 1143 1223 presencia
1168 1155 1410 1225 magistri
1438 1155 1664 1208 Roberti
1681 1155 1747 1206 de
1770 1154 2040 1207 Schefeud
2061 1152 2357 1217 senescalli,
2376 1151 2516 1203 Wil-

503 1238 651 1290 lelmi
676 1240 743 1292 de
768 1240 972 1308 Thorp,
999 1247 1054 1292 et
1074 1240 1299 1292 aliorum
1328 1259 1487 1311 quam
1516 1240 1772 1310 plurium.

133 1398 227 1449 (fol.
240 1399 395 1438 cxxviii.
410 1398 482 1452 ¹1¹0.)
1357 1401 1667 1437 HOMAGIA.

574 1497 737 1548 Anno
765 1495 990 1548 Domini
1037 1495 1147 1547 M0.
1186 1495 1559 1548 ducentesimo
1595 1494 1927 1565 octogesimo
1959 1513 2123 1548 nono.
2200 1495 2517 1547 Memoran-

503 1583 632 1634 dum
653 1582 799 1651 quod
826 1581 911 1633 die
939 1582 1095 1632 Lune
1120 1581 1177 1632 in
1205 1581 1507 1651 septimana
1534 1583 1757 1646 Pasche,
1785 1581 2005 1646 scilicet,
2033 1582 2119 1634 die
2146 1581 2348 1634 Leonis
2373 1599 2512 1652 pape

501 1676 558 1721 et
585 1668 804 1721 Gutlaci
830 1667 1172 1731 confessoriS,
1199 1668 1499 1720 Nicholaus
1527 1669 1593 1720 de
1622 1669 1932 1720 Seinmarht
1956 1669 2084 1720 fecit
2109 1668 2423 1737 homagium
2457 1674 2512 1720 et

501 1755 816 1807 fidelitatem
843 1754 1065 1807 domino
1092 1754 1325 1807 Ricardo
1372 1755 1438 1807 de
1479 1754 1782 1806 Londoniis
1809 1754 1994 1806 abbati
2020 1755 2086 1807 de
2115 1755 2298 1824 Burgo
2326 1754 2512 1806 Sancti

503 1841 665 1906 Petri,
685 1841 743 1892 in
769 1859 977 1893 camera
1001 1840 1229 1910 predicti
1250 1840 1455 1892 domini
1482 1839 1698 1892 Ricardi
1723 1839 1933 1892 abbatis
1961 1840 2106 1909 apud
2124 1840 2386 1910 Burgum,
2411 1858 2510 1909 pro

501 1934 813 1979 tenemento
839 1927 985 1996 quod
1029 1926 1096 1978 de
1134 1926 1255 1995 ipso
1295 1933 1463 1991 tenet,
1489 1925 1833 1995 presentibus
1874 1935 2006 1978 tunc
2049 1926 2251 1979 ibidem
2289 1926 2510 1978 domino

501 2013 622 2064 Elia
649 2013 715 2064 de
742 2012 1098 2083 Bekyngham
1126 2012 1332 2064 domini
1360 2012 1522 2082 Regis
1543 2012 1863 2081 justiciario,
1889 2011 2111 2064 domino
2140 2012 2360 2064 Simone
2398 2029 2511 2064 rec·

500 2108 617 2151 tore
643 2098 865 2152 ecclesie
898 2099 964 2150 de
998 2099 1321 2168 Trapstona,
1361 2098 1582 2150 domino
1627 2098 1665 2150 J
1668 2098 1881 2150 ohanne
1922 2097 1987 2149 de
2014 2097 2280 2167 Affordby
2304 2104 2510 2150 rectore

500 2184 722 2237 ecclesie
767 2185 833 2236 de
862 2184 1069 2249 Castra,
1108 2184 1364 2253 magistro
1404 2184 1646 2237 Roberto
1686 2184 1752 2236 de
1781 2184 2012 2236 Sceffeld
2049 2191 2180 2236 tunc
2219 2183 2510 2236 senescallo

503 2271 688 2340 Burgi,
719 2271 958 2324 Henrico
986 2271 1294 2341 Spikurnel,
1320 2271 1357 2324 J
1362 2271 1573 2323 ohanne
1601 2271 1813 2336 Blome,
1840 2278 1895 2323 et
1919 2270 2106 2323 multis
2133 2270 2266 2323 aliis,

577 2357 999 2409 Memorandum
1034 2357 1181 2426 quod
1205 2357 1290 2409 die
1328 2357 1619 2409 Dominica
1664 2376 1768 2426 qua
1811 2364 2058 2410 cantatur
2101 2356 2308 2424 “quasi
2345 2355 2509 2408 modo

503 2443 726 2510 geniti,''
753 2443 973 2507 scilicet,
1006 2461 1094 2494 xv.
1120 2442 1377 2494 kalendas
1405 2441 1560 2506 Maii,
1587 2442 1733 2511 apud
1763 2439 2004 2510 Burgum
2033 2442 2276 2510 Rogerus
2304 2441 2510 2512 Bosuy,

502 2527 595 2595 qui
639 2527 794 2579 duxit
836 2528 893 2578 in
937 2546 1162 2580 uxorem
1200 2527 1366 2579 filiam
1407 2535 1462 2579 et
1500 2528 1756 2580 heredem
1802 2527 2008 2580 domini
2049 2527 2266 2580 Ricardi
2309 2527 2507 2599 Treyli‚

499 2610 627 2663 fecit
650 2611 960 2680 homagium
987 2618 1043 2662 et
1061 2610 1375 2663 fidelitatem
1402 2611 1624 2663 domino
1651 2611 1883 2663 Ricardo
1911 2612 1976 2663 de
1994 2611 2298 2664 Londoniis
2324 2612 2506 2664 abbati

501 2695 670 2766 Burgi
694 2714 793 2766 pro
813 2703 1124 2749 tenemento
1147 2695 1292 2765 quod
1317 2696 1383 2748 de
1402 2696 1524 2765 ipso
1551 2704 1701 2748 tenet
1726 2697 1783 2748 in
1802 2697 2121 2762 Wodeford,
2147 2697 2204 2748 in
2229 2697 2507 2766 presencia

500 2781 741 2851 magistri
767 2781 994 2834 Roberti
1038 2781 1105 2834 de
1133 2780 1400 2848 Oseneye‚
1445 2779 1688 2850 magistri
1733 2780 1959 2833 Roberti
2003 2782 2069 2833 de
2098 2781 2349 2834 Sceffeud
2372 2789 2505 2834 ωηο

497 2868 776 2921 senescalli
798 2868 983 2938 Burgi,
1010 2874 1065 2920 et
1103 2867 1367 2919 Willelmi
1407 2867 1678 2932 Loveday,
1711 2866 1980 2919 Johannis
2020 2867 2232 2932 Blome,
2276 2875 2332 2919 et
2373 2868 2505 2920 alio-

498 2971 620 3005 rum
646 2962 758 3006 tam
796 2954 1186 3006 monachorum
1213 2971 1373 3022 quam
1401 2951 1739 3018 secularium.
1814 2952 1891 3004 Et
1918 2953 2335 3008 memorandum.
2357 2954 2503 3023 quod

495 3039 809 3110 recognovit
834 3039 1117 3091 dimidium
1136 3039 1357 3091 feodum
1382 3038 1586 3091 militis.

570 3125 992 3193 Memorandum
1020 3125 1166 3194 quod
1193 3125 1356 3194 Hugo
1385 3125 1450 3176 de
1479 3123 1723 3176 Gorham
1762 3122 1890 3175 fecit
1913 3112 2226 3192 homagium
2251 3131 2306 3176 et
2330 3123 2501 3178 fideli-

496 3219 666 3264 tatem
709 3209 931 3263 domino
983 3209 1214 3262 Ricardo
1271 3207 1452 3260 abbati
1496 3227 1638 3260 anno
1692 3207 1897 3260 domini
1937 3208 2132 3261 M.e-⁰C.
2171 3209 2500 3279 octogesimo

496 3315 660 3361 non0,
700 3294 1101 3366 quintodecimo
1141 3293 1398 3345 kalendas
1425 3293 1676 3362 Augusti,
1717 3293 1771 3344 in
1810 3294 2087 3363 presencia
2124 3295 2363 3365 magistri
2388 3295 2501 3348 Ro-

495 3380 636 3435 berti
663 3379 958 3445 senescalli,
991 3377 1254 3431 Willelmi
1294 3378 1360 3429 de
1385 3377 1552 3447 Torp,
1597 3385 1652 3430 et
1691 3377 1916 3430 aliorum
1958 3379 2375 3450 quamplurium,
2402 3398 2499 3449 pro
