2774 3952
48 1416 151 1473 (sol.
167 1420 197 1461 i.
216 1427 268 1462 μ’.

51 1487 273 1542 (Rubriae.)

1116 863 1726 942 APPENDIX.

554 1303 766 1353 LIBER
804 1303 1028 1354 NIGER
1065 1305 1516 1357 MONASTERII
1553 1308 1603 1358 S.
1640 1307 1852 1356 PETRI
1888 1307 1986 1356 DE
2023 1308 2287 1358 BURGO.

472 1441 577 1482 ΗΜ
603 1447 661 1480 est
688 1443 898 1492 descriptio
924 1443 1191 1482 maneriorum
1216 1445 1399 1484 Abbatiae
1429 1446 1479 1484 de
1509 1439 1644 1484 Burhc
1672 1447 1826 1485 desicut
1846 1446 2062 1486 Walterius
2081 1447 2421 1487 Archidiaconus*

416 1522 503 1548 eam
521 1511 681 1561 recepit,
700 1516 740 1549 et
757 1512 905 1550 saisivit
922 1512 964 1549 in
984 1524 1106 1551 manu
1127 1513 1259 1563 Regis.

466 1645 517 1683 In
546 1645 781 1695 Kateringes
797 1650 892 1684 sunt
911 1658 966 1685 .x.
985 1647 1091 1686 hidae
1118 1647 1170 1685 ad
1197 1648 1362 1697 geldum
1391 1648 1526 1698 Regis.
1585 1648 1638 1686 Et
1656 1648 1706 1686 de
1725 1648 1809 1686 istis
1828 1660 1881 1688 .x.
1907 1649 2012 1687 hidis
2029 1654 2169 1688 tenent
2190 1650 2264 1689 ,xL
2284 1651 2422 1688 villani

414 1714 485 1754 αἱ.
502 1715 632 1764 virgas
659 1718 788 1753 terrae.
846 1715 901 1753 Et
924 1716 1107 1753 homines
1134 1716 1198 1754 isti
1216 1717 1268 1754 ad
1297 1729 1396 1766 opus
1414 1717 1567 1755 domini
1593 1721 1708 1755 arant
1727 1718 1779 1755 de
1806 1730 2049 1768 unaquaque
2067 1720 2178 1769 virga
2194 1720 2247 1757 ad
2266 1720 2425 1758 tremeis

411 1783 498 1823 .iiii.
526 1795 651 1822 acras,
705 1783 760 1821 Et
786 1788 930 1833 praeter
954 1784 1044 1832 hoc,
1073 1785 1114 1822 in
1143 1797 1255 1835 yeme
1282 1786 1493 1824 inveniunt
1513 1783 1649 1826 .iii.¹³¹¹⁸
1668 1786 1821 1824 vicibus
1845 1799 2027 1826 carrucas
2053 1789 2105 1826 ad
2138 1801 2237 1838 opus
2254 1788 2421 1836 domini,

409 1855 449 1889 et
468 1847 598 1889 .iii.b=²·
616 1850 668 1887 ad
696 1850 868 1897 tremeis,
897 1854 937 1888 et
963 1851 1084 1889 semel
1114 1852 1156 1888 in
1188 1856 1335 1891 aestate.
1391 1853 1445 1891 Et
1474 1853 1655 1891 homines
1684 1853 1748 1891 isti
1778 1854 1927 1891 habent
1957 1855 2070 1893 ,xxii.
2098 1867 2280 1893 carrucas
2311 1856 2422 1893 unde

407 1923 632 1969 operantur.
689 1919 743 1957 Et
761 1932 896 1958 omnes
914 1920 979 1958 isti
997 1920 1179 1958 homines
1197 1925 1413 1970 operantur
1433 1918 1567 1960 .iii.¹’¹¹⁸
1588 1921 1728 1959 diebus
1754 1922 1795 1959 in
1816 1923 2052 1961 ebdomada.
2111 1923 2165 1961 Et
2183 1929 2327 1972 praeter
2343 1925 2421 1962 hoc

406 1987 584 2026 reddunt
607 1999 679 2037 per
703 2000 857 2025 annum
887 1988 937 2025 de
966 2000 1210 2037 unaquaque
1229 1990 1340 2039 virga
1372 1990 1423 2027 de
1452 1990 1742 2027 consuetudine
1762 1990 1815 2029 .ii.
1842 1990 2002 2037 solidos,
2024 1995 2064 2028 et
2089 1991 2159 2029 .iii.
2179 1991 2307 2032 obola.
2366 1992 2420 2030 Et

409 2056 453 2094 .l.
474 2056 642 2105 gallinas
673 2056 851 2093 reddunt
882 2067 1018 2093 omnes
1047 2057 1242 2104 homines,
1264 2061 1304 2095 et
1322 2067 1390 2096 Dc.
1412 2070 1484 2095 ova
1511 2062 1552 2095 et
1582 2057 1652 2096 ‚xL
1711 2057 1766 2096 Et
1798 2063 1942 2107 praeter
1968 2059 2044 2096 hoc
2069 2058 2292 2109 AEgelricus
2309 2065 2419 2099 tenet

407 2124 507 2161 .xiii.
528 2135 652 2170 acras,
669 2128 709 2161 et
727 2124 822 2161 inde
840 2124 973 2162 reddit
995 2125 1091 2163 .xvi.
1112 2125 1296 2163 denarios
1314 2137 1408 2164 cum
1429 2126 1487 2164 ,ii.
1508 2126 1609 2163 acris
1626 2126 1744 2175 prati.
1800 2126 1854 2164 Et
1873 2132 1931 2164 est
1949 2127 2006 2164 ibi
2033 2139 2139 2165 unus
2165 2129 2420 2167 molendinus

405 2203 499 2229 cum
517 2191 817 2239 molendinario,
837 2197 877 2230 et
897 2205 984 2231 .xx.
1005 2193 1150 2231 solidos
1168 2194 1314 2232 reddit.
1373 2194 1427 2232 Et
1447 2194 1548 2234 .viii.
1568 2198 1747 2241 cotsetes,
1767 2195 1937 2244 quisque
1967 2196 2018 2233 de
2037 2197 2218 2245 quinque
2244 2197 2358 2244 acris,
2378 2202 2417 2236 et

405 2262 620 2308 operantur
637 2258 757 2296 semel
775 2259 818 2295 in
838 2259 1071 2306 ebdomada,
1090 2264 1130 2297 et
1148 2260 1208 2298 bis
1225 2261 1268 2297 in
1296 2273 1402 2299 anno
1430 2260 1584 2298 faciunt
1611 2261 1803 2299 brasium.
1862 2262 1914 2299 Et
1943 2262 2123 2311 quisquis
2154 2263 2320 2301 istorum
2347 2264 2417 2302 dat

409 2326 451 2365 .i.
472 2327 680 2364 denarium
698 2339 770 2376 pro
789 2339 932 2376 capr03
960 2331 999 2365 et
1017 2328 1049 2365 si
1067 2328 1252 2367 habuerit
1271 2329 1482 2376 femellam,
1503 2329 1572 2366 illa
1591 2330 1660 2367 dat
1679 2329 1856 2368 obolum.
1915 2330 1968 2368 Et
1988 2335 2045 2368 est
2064 2331 2119 2368 ibi
2139 2331 2180 2370 .i.
2201 2332 2418 2380 bercarius,

406 2398 446 2432 et
467 2394 510 2433 .i.
538 2396 752 2444 porcarius,
787 2396 858 2444 qui
875 2400 985 2434 tenet
1005 2397 1102 2435 miii.
1123 2409 1246 2435 acras.
1306 2397 1360 2435 Et
1378 2398 1420 2435 in
1440 2397 1617 2435 dominio
1636 2398 1757 2435 curiae
1783 2402 1878 2436 sunt
1898 2399 1985 2437 .iiii.
2003 2411 2176 2437 carrucae
2195 2400 2246 2437 de
2267 2401 2412 2439 .xxxii.

458 2568 484 2597 *
513 2570 563 2607 In
581 2570 650 2607 the
668 2568 742 2606 roll
761 2567 805 2606 of
827 2568 896 2606 the
925 2568 1166 2617 Exchequer
1184 2568 1227 2606 of
1242 2569 1312 2607 the
1330 2568 1419 2607 31st
1436 2581 1531 2618 year
1548 2570 1593 2607 of
1615 2570 1684 2607 the
1702 2571 1815 2620 reign
1835 2571 1880 2608 of
1903 2572 2013 2620 King
2032 2571 2173 2620 Henry
2191 2572 2261 2609 the
2289 2571 2412 2620 First,

402 2639 533 2677 under
551 2637 896 2684 Oxonefordscira,
916 2637 948 2674 is
966 2637 1046 2675 this
1064 2643 1176 2687 entry
1190 2639 1286 2676 2-—“
1301 2637 1517 2675 Walterius
1537 2638 1855 2676 Archidiaconus
1879 2640 2012 2677 reddit
2039 2644 2268 2689 compotum
2287 2641 2338 2678 de
2359 2654 2408 2680 ,cv-

400 2713 440 2746 et
459 2711 600 2757 quater
617 2719 697 2746 .xx.
715 2706 859 2743 marcis
875 2706 1029 2755 argenti
1048 2718 1120 2754 pro
1139 2706 1284 2754 placito
1304 2706 1412 2754 quod
1432 2706 1508 2743 fuit
1535 2707 1640 2744 inter
1667 2718 1759 2744 eum
1787 2711 1827 2745 et
1855 2707 2090 2745 Restoldum
2110 2708 2408 2748 Vicecomitem.

401 2776 451 2814 In
470 2776 653 2813 thesauro
674 2774 814 2813 dxviii.
835 2773 965 2812 solidi.
1025 2774 1079 2812 Et
1098 2774 1216 2812 debet
1235 2787 1289 2813 .c.
1312 2778 1352 2812 et
1373 2775 1467 2812 .xvi.
1487 2774 1607 2812 libras
1635 2779 1675 2812 et
1705 2776 1792 2813 .xii.
1811 2775 1998 2814 solidos.”
2054 2775 2209 2814 Walter
2227 2777 2277 2814 de
2298 2777 2408 2813 Wal-

399 2843 573 2893 lingford
593 2855 672 2880 was
689 2842 937 2879 archdeacon
956 2841 1001 2879 of
1018 2841 1171 2879 Oxford
1191 2842 1233 2878 in
1251 2842 1320 2879 the
1340 2842 1494 2880 diocese
1512 2842 1556 2879 of
1576 2842 1758 2889 Lincoln,
1779 2843 1821 2879 in
1840 2843 1910 2880 the
1928 2855 2038 2892 years
2058 2842 2162 2881 1104
2182 2845 2263 2882 and
2284 2843 2407 2883 1151.

399 2910 484 2948 The
511 2911 632 2948 abbot
659 2909 702 2947 of
726 2908 1023 2958 Peterborough
1043 2909 1085 2946 in
1112 2909 1191 2946 this
1215 2909 1328 2958 reign
1348 2921 1428 2945 was
1446 2908 1574 2946 called
1593 2909 1703 2945 John
1723 2909 1773 2946 de
1794 2908 1905 2956 Seez,
1925 2909 2027 2946 from
2046 2910 2108 2947 his
2127 2910 2277 2960 having
2304 2912 2406 2949 been

399 2993 424 3017 a
449 2979 572 3016 monk
595 2978 638 3016 of
662 2978 731 3015 the
749 2978 875 3026 abbey
894 2977 938 3014 of
964 2976 1025 3016 St.
1048 2977 1198 3014 Martin
1228 2977 1272 3014 of
1299 2977 1412 3023 Seez,
1435 2977 1476 3013 in
1510 2977 1756 3026 Normandy,
1774 2978 1855 3014 and
1885 2978 1978 3015 died
1998 2978 2042 3014 of
2059 2990 2084 3015 a
2103 2979 2246 3028 dropsy
2264 2992 2316 3017 on
2336 2980 2404 3018 the

398 3046 623 3083 fourteenth
641 3047 716 3094 day
735 3045 778 3083 of
793 3045 981 3091 October,
1002 3045 1044 3081 in
1062 3045 1130 3082 the
1148 3057 1240 3093 year
1258 3045 1302 3082 of
1316 3045 1383 3082 the
1404 3044 1510 3082 Lord
1531 3043 1653 3083 1125.
1710 3045 1827 3083 After
1854 3046 1916 3083 his
1937 3046 2055 3084 death
2085 3047 2153 3084 the
2182 3048 2291 3097 King
2310 3048 2406 3096 kept

397 3113 465 3150 the
483 3117 703 3162 monastery
722 3113 764 3150 in
792 3113 853 3150 his
881 3125 971 3150 own
1000 3113 1128 3150 hands
1156 3113 1217 3150 for
1243 3117 1323 3150 two
1351 3125 1461 3161 years
1489 3114 1570 3150 and
1589 3125 1613 3150 a
1631 3113 1730 3160 half,
1750 3114 1986 3164 appointing
2003 3127 2027 3152 a
2045 3127 2243 3153 successor
2266 3116 2307 3152 in
2337 3116 2405 3152 the

397 3192 489 3230 year
507 3177 631 3219 1128.
688 3179 828 3217 Hence
849 3181 917 3218 the
946 3181 1042 3218 time
1076 3180 1119 3218 of
1147 3181 1226 3218 this
1258 3184 1438 3229 accompt
1471 3180 1592 3229 being
1621 3181 1816 3218 rendered
1851 3181 1931 3218 will
1964 3182 2064 3219 have
2097 3184 2303 3219 embraced
2334 3183 2402 3219 the

398 3247 563 3285 interval
583 3248 761 3284 between
792 3247 860 3284 the
883 3259 993 3295 years
1012 3247 1118 3285 1125
1149 3248 1228 3284 and
1262 3246 1383 3286 1128.
1442 3247 1526 3284 The
1558 3249 1834 3298 appointment
1859 3250 1904 3286 of
1932 3250 1994 3286 his
2023 3262 2220 3286 successor
2240 3249 2318 3285 will
2353 3251 2400 3286 be

397 3314 521 3353 found
551 3314 591 3350 in
619 3313 686 3350 the
705 3312 929 3350 Chronieon
959 3313 1275 3363 Petroburgensc
1301 3315 1430 3352 under
1449 3315 1526 3352 this
1555 3314 1628 3352 last
1647 3327 1751 3364 year,
1772 3316 1814 3353 in
1836 3316 1965 3354 which
1987 3315 2125 3352 Easter
2155 3315 2240 3363 Day
2259 3315 2326 3352 fell
2346 3328 2397 3353 on

396 3382 463 3419 the
483 3380 593 3418 22nd
613 3379 687 3428 day
706 3379 749 3416 of
764 3378 892 3428 April,
914 3390 966 3418 .x.
986 3378 1176 3419 kalendas
1196 3380 1307 3418 Maii.
