2774 3952
54 1544 154 1595 (soz.
174 1558 210 1585 v.
232 1547 306 1597 vo.)

54 2620 155 2670 σοι.
180 2621 231 2660 m:
251 2621 326 2674 φο.)

1260 462 1591 497 Appaxmx.
2324 447 2421 496 161
2484 487 2488 492 .

427 594 482 623 .v.
502 584 643 623 arietes
674 591 715 623 et
735 597 791 625 .x.
812 586 928 624 ulnas
959 587 1011 624 de
1043 599 1176 637 panno
1207 592 1247 627 et
1269 600 1322 628 ,3.
1343 589 1471 628 discos
1502 594 1542 628 et
1560 602 1633 629 ‚cc.
1653 600 1787 640 panes.
1846 589 1899 627 Et
1921 590 1964 628 .i.
1986 589 2173 635 villanus,
2194 589 2265 638 qui
2293 589 2426 627 reddit

426 652 552 691 xviii.
573 653 754 691 denarios
773 666 844 703 pro
864 655 1049 693 omnibus
1066 656 1438 696 consuetudinibus.
1495 657 1549 696 Et
1570 658 1638 696 .vi.
1659 657 1826 704 codder,
1843 658 1915 709 qui
1933 658 2110 695 reddunt
2131 657 2204 696 .iii.
2224 656 2369 694 solidos
2388 663 2428 694 et

427 720 496 757 .vi.
517 721 714 761 denarios.

479 787 529 824 In
550 788 798 827 Wirrintona
815 795 909 829 sunt
923 791 995 830 .iii.
1011 791 1117 829 hidae
1136 795 1176 830 et
1193 791 1360 830 dimidia
1370 792 1481 842 virga
1498 793 1550 830 ad
1567 792 1732 843 geldum
1753 793 1885 842 Regis.
1944 793 1997 831 Et
2015 794 2089 833 .31.
2107 792 2216 842 pleni
2230 792 2367 830 villani
2387 796 2428 829 et

425 855 520 894 .viii.
537 857 784 904 semivillani,
803 862 842 895 et
859 858 902 897 .i.
923 862 1083 905 cotsete,
1102 863 1142 896 ct
1161 859 1271 898 .xvii.
1292 860 1559 898 sochemanni.
1616 860 1670 898 Et
1688 861 1752 898 isti
1771 861 1950 898 homines
1977 861 2152 898 reddunt
2173 860 2315 911 .331111.
2337 858 2427 895 soli-

424 922 496 960 dos
513 935 584 972 per
601 936 767 963 annum.
822 925 875 963 Et
893 925 958 963 isti
976 926 1125 964 habent
1141 939 1196 965 .x.
1217 939 1399 965 carrucas
1413 928 1522 966 unde
1532 932 1648 966 arant
1660 928 1726 966 .vi.
1742 929 1895 966 vicibus
1908 940 1980 979 per
1992 941 2157 967 annum.
2214 928 2268 965 Et
2282 931 2426 976 praeter

424 990 498 1028 hoc
517 992 653 1029 villani
669 999 784 1031 arant
803 993 890 1031 .iiii.
912 993 1063 1031 vicibus
1079 1005 1152 1042 per
1168 1006 1335 1034 annum.
1393 995 1447 1034 Et
1474 1000 1620 1045 praeter
1645 997 1720 1034 hoc
1743 997 1988 1046 operationes
2015 996 2181 1033 manerii
2202 994 2423 1032 secundum

423 1059 588 1096 modum
602 1061 780 1099 manerii.
835 1060 889 1099 Et
900 1061 965 1098 isti
978 1061 1155 1099 reddunt
1165 1074 1237 1111 per
1249 1075 1403 1101 annum
1419 1065 1490 1102 .31.
1505 1077 1624 1102 aucas
1638 1070 1678 1102 et
1693 1065 1790 1103 .lxv.
1806 1065 1989 1114 gallinas,
2004 1069 2043 1102 et
2057 1074 2161 1103 ,Dcc.
2177 1076 2262 1110 ova,
2278 1067 2332 1100 et.
2350 1074 2425 1099 xx.

422 1139 583 1176 sceppas
599 1139 737 1175 avene,
748 1132 788 1166 et
806 1140 888 1168 .33.
909 1141 1046 1178 panes.
1103 1130 1170 1167 Ad
1189 1131 1334 1168 festum
1348 1131 1487 1170 Sancti
1506 1132 1615 1170 Petri
1630 1145 1728 1171 .ccc.
1744 1145 1866 1182 panes
1884 1133 1980 1171 .viii.
2002 1133 2155 1178 arietes,
2170 1136 2210 1169 et
2231 1143 2286 1169 ,3.
2308 1129 2426 1166 ulnas

420 1195 545 1242 panni
556 1199 596 1232 et
606 1207 658 1234 .x.
673 1195 799 1233 discos
813 1210 824 1243 ς
837 1200 877 1234 et
890 1196 996 1234 inter
1004 1196 1232 1235 Wirintona
1245 1202 1284 1236 et
1297 1197 1499 1245 Waltona,
1515 1211 1620 1238 .xxv.
1634 1199 1801 1249 gallinas
1815 1204 1855 1237 et
1868 1201 1975 1238 ‚cc‘⁸.
1988 1204 2027 1237 et
2041 1196 2151 1238 .33“.
2168 1210 2254 1243 ova,
2269 1201 2309 1234 et
2318 1196 2424 1234 .iii0⁸.

420 1267 615 1300 carreatas
625 1263 738 1313 ligni,
751 1268 793 1302 et
803 1265 893 1302 .i·¹·.
907 1269 1124 1303 carreatam
1129 1266 1245 1315 junci
1256 1270 1296 1304 et
1308 1267 1385 1305 .vii..
1402 1271 1596 1304 carreatas
1609 1267 1757 1305 herbae.
1788 1267 1838 1304 In
1851 1268 2028 1304 dominio
2040 1267 2161 1304 curiae
2174 1266 2230 1304 .ii.
2247 1275 2421 1302 carrucae

476 1396 527 1434 In
548 1397 683 1447 Burgo
698 1397 796 1437 sunt
814 1411 867 1438 .v.
883 1399 989 1437 hidae
1008 1404 1048 1438 et
1069 1400 1140 1438 .iii.
1161 1401 1280 1451 virgae
1299 1402 1351 1439 ad
1371 1402 1539 1451 geldum
1558 1403 1692 1452 Regis.
1751 1402 1805 1440 Et
1823 1402 1964 1441 .xxxii.
1984 1402 2094 1452 pleni
2105 1401 2258 1446 villani,
2273 1404 2314 1437 et
2334 1397 2422 1437 .xii.

420 1465 519 1501 semi
532 1465 682 1514 villani,
696 1470 736 1504 et
752 1479 833 1506 .3ν.
848 1471 1026 1507 cotsetes.
1085 1468 1138 1506 Et
1149 1468 1214 1507 isti
1226 1470 1406 1507 homines
1418 1470 1654 1519 adquietant
1671 1482 1766 1520 erga
1785 1471 1935 1520 Regem
1956 1483 2010 1510 .v.
2030 1471 2144 1507 hidas
2156 1474 2195 1507 et
2212 1469 2254 1507 .i.
2271 1468 2423 1515 virgam

420 1536 462 1570 et
480 1533 702 1581 dimidiam,
723 1539 763 1572 et
780 1547 916 1573 omnes
934 1535 998 1573 isti
1018 1532 1029 1588 Ι
1053 1537 1228 1574 reddunt
1245 1549 1317 1586 per
1333 1550 1487 1575 annum
1507 1538 1604 1577 ,xlv.
1619 1539 1778 1577 solidos.
1837 1538 1891 1576 Et
1908 1543 2054 1588 praeter
2071 1539 2147 1575 hoc
2161 1538 2229 1576 ,lv.
2245 1535 2425 1573 homines

420 1601 493 1648 qui
510 1601 687 1639 reddunt
702 1602 816 1641 .13ιί.
832 1603 976 1640 solidos
995 1607 1035 1641 et
1048 1604 1103 1642 .ii.
1121 1604 1317 1644 denarios.
1340 1605 1393 1643 Et
1410 1605 1570 1654 placita.
1604 1606 1658 1643 Et
1676 1605 1860 1643 Alsward
1878 1610 1988 1644 tenet
2002 1606 2366 1654 .xviii.burgensae,
2385 1606 2426 1640 et

419 1667 651 1706 theloneum
670 1670 721 1707 (10
740 1670 970 1708 Hordesoca
987 1684 1059 1720 pro
1080 1685 1133 1710 .c.
1154 1677 1194 1710 et
1214 1686 1297 1712 .xv.
1317 1674 1466 1712 solidis.
1525 1673 1581 1712 Et
1599 1686 1650 1711 ex
1669 1675 1752 1712 istis
1779 1675 1929 1713 habent
1948 1675 2088 1712 Lazari
2108 1686 2191 1714 .xx.
2210 1673 2355 1711 solidos
2374 1671 2425 1708 de

418 1737 700 1775 constitutione
718 1737 887 1776 Abbatis
909 1738 1078 1776 Ernulfi.
1136 1740 1189 1778 Et
1207 1746 1351 1789 praeter
1368 1742 1444 1779 hoc
1466 1754 1522 1781 ,3.
1542 1742 1754 1780 servientes
1773 1743 1844 1792 qui
1863 1743 2091 1780 deserviunt
2100 1747 2248 1791 terram
2261 1753 2332 1791 per
2342 1752 2423 1778 ser-

415 1804 652 1854 gentariam,
671 1809 711 1843 et
728 1805 761 1842 si
780 1817 860 1843 non
879 1810 1009 1844 essent
1026 1807 1252 1855 servientes,
1273 1809 1487 1847 redderent
1506 1810 1556 1847 de
1569 1811 1858 1849 consuetudine
1875 1812 1919 1850 .i.
1935 1812 2139 1849 marcham
2156 1810 2326 1859 argenti.
2372 1807 2426 1846 Et

421 1871 622 1910 Godricus
638 1876 749 1910 tenet
765 1873 996 1911 theloneum
1013 1874 1066 1912 de
1083 1875 1262 1925 grangia,
1276 1877 1385 1914 unde
1400 1890 1510 1916 .xxv.
1524 1877 1640 1915 solidi
1660 1877 1835 1917 Lazaris.
1894 1879 1948 1917 Et
1967 1879 2017 1916 de
2035 1880 2155 1916 bursa
2168 1878 2321 1916 abbatis
2337 1877 2422 1917 .xii.

418 1940 618 1987 denarios,
636 1944 679 1978 et
705 1940 777 1979 .iii.
795 1941 1011 1980 servientes
1029 1941 1269 1980 Lazarorum
1288 1943 1437 1982 debent
1454 1944 1600 1982 habere
1621 1944 1708 1983 .iiii.
1728 1945 1873 1982 solidos
1891 1950 1931 1982 et
1948 1945 2016 1984 .vi.
2037 1945 2231 1991 denarioe,
2258 1957 2329 1993 pro
2354 1957 2426 1982 suo

417 2008 600 2045 servicio.
659 2007 713 2045 Et
734 2008 807 2046 .iii.
829 2009 1054 2057 piscatorae,
1080 2009 1151 2057 qui
1169 2010 1346 2047 reddunt
1367 2022 1447 2049 .xv.
1468 2010 1614 2049 solidos
1633 2011 1675 2047 in
1694 2011 1881 2060 piscibus.
1945 2011 1999 2049 Et
2016 2011 2126 2061 pleni
2144 2011 2282 2048 villani
2308 2016 2424 2049 arant

422 2074 586 2112 domino
604 2075 732 2112 sexies
750 2087 834 2113 .33.
850 2087 960 2112 acras
979 2080 1019 2113 et
1039 2076 1137 2115 .viii.
1179 2075 1252 2114 Isti
1270 2077 1419 2115 habent
1441 2090 1521 2116 .xv.
1543 2090 1726 2116 carrucas
1745 2079 1854 2117 unde
1871 2083 1987 2117 arant
2002 2079 2076 2118 .iii.
2096 2080 2369 2128 praecationes,
2384 2085 2425 2118 et

419 2142 632 2180 adducunt
650 2142 701 2179 de
718 2143 838 2180 bosco
857 2147 1000 2192 quater
1019 2155 1105 2182 .xx.
1125 2150 1299 2183 careatas
1317 2145 1431 2195 ligni,
1449 2150 1488 2184 et
1506 2147 1682 2184 reddunt
1695 2159 1767 2196 pro
1780 2152 1939 2186 mortuo
1951 2149 2068 2185 bosco
2086 2148 2169 2186 dix.
2190 2160 2352 2198 sceppas
2370 2148 2421 2185 de

417 2222 545 2248 avena
572 2214 614 2248 et
638 2210 805 2248 totidem
834 2222 969 2260 panes,
987 2216 1027 2249 et
1045 2212 1211 2250 totidem
1238 2213 1419 2262 gallinae,
1438 2218 1477 2251 et
1496 2225 1555 2253 .D.
1577 2227 1662 2262 ova,
1682 2219 1722 2252 et
1739 2215 1894 2253 faciunt
1926 2217 2172 2265 operationes
2200 2217 2423 2253 secundum

419 2279 586 2316 modum
603 2279 724 2317 villae.
782 2279 836 2317 Et
854 2280 998 2317 milites
1012 2280 1181 2318 Abbatis
1198 2282 1349 2319 habent
1365 2282 1489 2321 ..xviii.
1506 2283 1683 2332 hospicia
1701 2284 1743 2321 in
1761 2284 1910 2333 Burgo.
1970 2284 2038 2323 Et.
2059 2286 2110 2321 vi.
2125 2285 2336 2324 servientes
2352 2285 2421 2324 .vi.

419 2483 585 2533 grangia
613 2489 653 2522 et
683 2484 828 2534 placita
855 2484 1133 2534 appretiantur
1153 2485 1248 2524 ,xvi.
1270 2485 1404 2525 libras.
1463 2486 1602 2524 Lazari
1634 2490 1773 2526 tenent
1792 2487 1836 2527 .i.
1856 2487 2069 2528 elosturam
2098 2489 2148 2529 de
2169 2502 2222 2528 Ν.
2243 2490 2345 2529 acris
2373 2490 2423 2528 de

420 2550 527 2588 dono
545 2550 713 2589 Abbatis
733 2551 922 2590 AErnulfi.

443 2616 452 2672 Ι
476 2619 527 2656 In
559 2620 732 2658 Pihtesle
760 2625 854 2658 sunt
885 2620 990 2658 hidae
1009 2633 1056 2659 .v.
1077 2625 1117 2659 et
1135 2621 1301 2658 dimidia
1318 2622 1370 2659 ad
1388 2622 1552 2671 geldum
1572 2623 1703 2674 Regis,
1716 2628 1756 2662 et
1774 2624 1959 2663 dominus
1976 2625 2183 2674 adquietat
2201 2625 2422 2672 dimidiam,

419 2693 461 2727 et
479 2689 616 2726 villani
645 2689 865 2728 dimidiam.
922 2690 975 2728 Et
999 2694 1094 2728 sunt
1125 2690 1182 2727 ibi
1203 2691 1272 2729 .ix.
1301 2691 1411 2739 pleni
1430 2691 1567 2728 villani
1590 2696 1630 2730 et
1648 2693 1714 2731 .ix.
1745 2693 1902 2731 dimidii
1921 2694 2071 2742 villani,
2102 2699 2139 2733 et
2161 2708 2214 2733 .v.
2245 2700 2421 2734 cotsetes.

421 2755 536 2795 Pleni
554 2757 691 2795 villani
704 2762 921 2807 operantur
941 2758 1013 2796 .iii.
1031 2758 1173 2795 diebus
1191 2758 1234 2795 in
1254 2759 1476 2796 ebdomada
1494 2771 1621 2810 usque
1642 2761 1695 2798 ad
1714 2761 1858 2799 festum
1878 2761 2016 2801 Sancti
2035 2763 2144 2802 Petri
2162 2764 2203 2800 in
2224 2764 2421 2813 Augusto,

419 2829 460 2863 et
479 2825 574 2863 inde
591 2837 718 2875 usque
731 2826 783 2863 ad
797 2826 941 2864 festum
954 2826 1092 2864 Sancti
1107 2825 1314 2864 Michaelis
1332 2839 1574 2876 unaquaque
1594 2828 1658 2866 die
1677 2830 1719 2866 in
1739 2830 1971 2877 ebdomada,
1989 2843 2061 2881 per
2078 2833 2420 2878 consuetudinem,

417 2897 460 2930 et
477 2892 635 2930 dimidii
654 2893 789 2930 villani
807 2893 1031 2931 secundum
1049 2897 1253 2930 tenaturas
1279 2905 1383 2940 suas,
1405 2898 1445 2932 et
1463 2895 1637 2933 bordarii
1659 2896 1702 2934 .i.
1723 2896 1788 2934 die
1807 2897 1849 2934 in
1877 2897 2112 2944 ebdomada,
2132 2902 2172 2936 et
2192 2898 2250 2937 .ii.
2271 2899 2314 2936 in
2333 2899 2418 2937 Au-

417 2965 548 3009 gusto.
606 2960 660 2999 Et
678 2973 814 2999 omnes
831 2961 896 2999 isti
925 2961 1075 2998 habent
1096 2961 1196 3000 .viii.
1217 2973 1415 3000 carrucas.
1474 2962 1528 2999 Et
1560 2963 1740 3012 quisquis
1766 2964 1909 3013 plenus
1926 2965 2096 3003 villanus
2114 2967 2232 3005 debet
2249 2979 2361 3004 arare
2380 2972 2420 3004 et

417 3026 593 3064 herciare
613 3027 658 3065 .i.
678 3039 812 3065 acram
829 3028 881 3065 ad
899 3027 1113 3076 bivernage
1132 3031 1172 3064 et
1193 3027 1235 3065 .i.
1263 3028 1315 3064 ad
1332 3028 1505 3074 tremeis,
1526 3033 1566 3066 et
1584 3030 1789 3068 verberare
1806 3042 1939 3069 semen
1969 3032 2012 3070 in
2041 3033 2248 3082 grangiam
2267 3034 2419 3071 domini

417 3097 459 3131 et
475 3093 577 3131 illud
595 3095 802 3134 seminare.
860 3095 914 3133 Et
941 3095 1097 3132 dimidii
1116 3095 1253 3132 villani
1285 3095 1438 3133 faciunt
1469 3101 1664 3145 quantum
1697 3099 1748 3136 ad
1782 3110 1847 3137 eos
1867 3100 2052 3149 pertinet.
2110 3101 2163 3139 Et
2180 3106 2326 3150 praeter
2342 3103 2417 3139 hoc

419 3161 567 3199 debent
583 3167 768 3210 praestare
784 3175 966 3201 carrucas
984 3175 1073 3201 suas
1091 3168 1152 3201 ter
1179 3164 1232 3201 ad
1264 3164 1491 3214 hivernage,
1511 3169 1550 3202 et
1582 3170 1644 3203 ter
1671 3167 1724 3205 ad
1756 3169 1929 3210 tremeis.
1956 3173 1996 3206 et
2013 3170 2131 3206 semel
2150 3170 2201 3206 ad
2219 3174 2415 3218 garetum.

421 3227 476 3264 Et
494 3227 602 3275 quod
620 3233 748 3276 arant,
764 3234 922 3268 metunt
949 3236 988 3268 et
1007 3234 1231 3268 carrucant.
1290 3230 1344 3269 Et
1376 3232 1440 3269 isti
1471 3232 1649 3270 reddunt
1670 3246 1723 3272 .v.
1745 3234 1889 3273 solidos
1919 3236 1971 3273 ad
2003 3235 2275 3280 Nativitatem,
2300 3240 2340 3272 et
2360 3248 2413 3275 .v.

420 3294 564 3331 solidos
581 3294 634 3331 ad
653 3293 818 3341 Pascha,
831 3299 872 3333 et
887 3296 1027 3335 .33311.
1048 3297 1230 3334 denarios
1247 3298 1298 3334 ad
1317 3298 1460 3336 festum
1475 3298 1613 3337 Sancti
1632 3299 1756 3338 Petri.
1815 3301 1867 3338 Et
1879 3301 2093 3350 Agemund
2108 3301 2418 3341 molendinarius

420 3361 554 3399 reddit
570 3361 693 3400 .xxvi.
708 3360 852 3399 solidos
868 3374 940 3410 pro
955 3363 1197 3412 molendino,
1212 3370 1251 3403 et
1264 3378 1336 3414 pro
1358 3366 1402 3405 .i.
1420 3366 1529 3415 virga
1542 3371 1670 3405 terrae.
1722 3368 1774 3405 Et
1786 3380 1922 3405 omnes
1936 3368 2070 3404 villani
2082 3368 2256 3406 reddunt
2276 3371 2417 3410 .33311.

421 3428 589 3478 gallinas
606 3428 657 3465 ad
685 3427 957 3468 Nativitatem.
1016 3431 1069 3470 Et
1095 3431 1204 3481 pleni
1224 3433 1359 3471 villani
1379 3433 1555 3472 reddunt
1579 3446 1659 3473 ,33.
1682 3447 1766 3481 ova,
1794 3439 1833 3472 et
1852 3435 2009 3472 dimidii
2029 3448 2086 3473 ,3.
2107 3447 2193 3481 ova,
2215 3441 2255 3473 et
2272 3442 2417 3477 cotsete

497 3511 684 3547 CAMD.
715 3511 838 3548 SOC.
2161 3519 2199 3554 Y
