2774 3952
112 581 214 629 ‘foa
232 579 314 621 xvi.
334 577 408 631 ψ.)

476 435 577 495 172
1307 445 1642 482 APPENDIX.

497 574 504 628 Ι
529 575 740 615 Gosfridus
758 575 823 613 del
842 574 931 613 Tot.
955 574 999 612 .i.
1019 573 1157 611 hidam
1176 572 1218 611 in
1239 572 1545 611 Hamtonascira
1573 575 1614 610 et
1634 571 1678 610 .i.
1704 570 1857 621 virgam
1884 570 1928 607 in
1958 570 2302 619 Lerecestrescira‚
2319 575 2359 609 et
2387 570 2482 609 inde

473 644 593 682 servit
609 656 682 693 pro
700 643 840 682 milite.

530 711 706 749 Suainus
726 711 798 749 .iii.
821 710 949 760 virgas
967 714 1007 748 et
1023 709 1067 749 .i.
1088 721 1222 748 acram
1240 709 1283 747 in
1303 707 1623 754 Hamtonascira,
1648 710 1688 744 et
1705 706 1801 744 inde
1819 706 1939 744 servit
1957 717 2052 743 cum
2069 705 2266 744 militibus
2283 711 2481 756 quantum

474 778 551 817 sibi
564 780 657 829 jure
675 778 885 828 contingit.
1752 816 1754 818 ,

532 846 727 896 Rogerius
745 846 897 884 Malfed
918 858 971 884 .v.
991 845 1107 883 hidas
1124 850 1164 883 et
1185 845 1257 884 .iii.
1279 844 1409 893 virgas
1436 842 1479 880 in
1511 841 1831 888 Hamtonascira‚
1849 844 1890 879 et
1907 852 2041 878 socam
2066 840 2139 879 .iii.
2159 841 2348 878 hidarum
2365 843 2482 879 terroe

477 914 587 952 unde
606 913 851 951 Gislebertus
867 913 973 950 filius
990 913 1151 950 Ricardi
1169 913 1290 950 habet
1307 912 1529 958 servicium,
1549 915 1589 948 et
1606 910 1726 948 servit
1743 922 1784 947 se
1801 909 1926 947 altero
1945 909 2088 947 milite.

531 981 732 1018 Turoldus
749 981 800 1017 de
820 980 956 1018 Castro
977 981 1034 1018 .ii.
1056 980 1171 1018 hidas
1196 985 1236 1018 et
1257 980 1300 1018 .i.
1321 980 1474 1029 virgam
1502 983 1541 1016 et
1562 979 1635 1016 .iii.
1657 982 1812 1027 partem
1834 977 1876 1015 .i.
1899 977 2035 1026 virgae,
2055 981 2095 1014 et
2123 977 2173 1014 de
2201 977 2264 1014 his
2282 975 2485 1026 pertinent

477 1049 530 1086 ad
542 1048 761 1086 aecclesiam
771 1047 842 1086 .iii.
857 1048 978 1097 virgae
997 1060 1128 1096 parvae
1143 1048 1187 1085 in
1199 1047 1516 1093 Hamtonascira,
1526 1050 1565 1084 et
1578 1046 1723 1083 clamat
1737 1050 1886 1084 rectam
1901 1045 2097 1083 decimam
2110 1045 2239 1083 tocius
2252 1043 2486 1094 parrochiae,

477 1121 518 1154 et
534 1116 653 1153 servit
670 1127 712 1152 se
728 1115 853 1152 altero
870 1115 1012 1153 milito.

532 1182 727 1220 Ricardus
743 1182 850 1219 filius
871 1182 1084 1220 Hereberti
1103 1181 1332 1228 Oamerarii,
1350 1181 1514 1218 feodum
1533 1180 1691 1217 dimidii
1708 1179 1860 1217 militis.

529 1250 581 1287 In
614 1249 764 1286 Estona
793 1248 864 1287 .ix.
898 1249 1156 1286 sochemanni
1175 1248 1246 1297 qui
1273 1248 1423 1285 habent
1444 1247 1487 1285 .i.
1508 1247 1646 1284 hidam
1679 1250 1719 1284 et
1750 1246 1823 1284 .iii.
1851 1246 1980 1296 virgas
2012 1246 2055 1284 in
2086 1246 2428 1294 Lerecestrescira,
2447 1249 2487 1283 et

474 1318 652 1356 serviunt
670 1329 763 1354 cum
781 1317 976 1354 militibus
995 1321 1192 1365 quantum
1211 1315 1290 1353 illis
1302 1317 1395 1366 jure
1414 1315 1626 1365 contingit.

531 1386 742 1424 Leowinus
757 1385 864 1422 filius
882 1385 920 1422 N
923 1386 1106 1422 ormanni
1127 1385 1170 1423 .i.
1194 1385 1360 1434 virgam.

531 1452 786 1503 Ragenaldus
802 1452 874 1490 .iii.
891 1457 1044 1502 partem
1062 1453 1183 1490 unius
1201 1453 1307 1491 hidae
1328 1455 1368 1489 et
1385 1449 1504 1489 servit
1517 1462 1612 1488 cum
1625 1450 1820 1488 militibus
1833 1454 2030 1499 quantum
2044 1450 2120 1488 sibi
2133 1451 2227 1501 jure
2245 1446 2485 1500 contingit.*

476 1634 692 1672 -Primus
702 1633 925 1671 Thoroldus
937 1634 987 1671 de
999 1633 1182 1672 Miltone.
1223 1631 1429 1670 Galfridus
1441 1631 1491 1668 de
1506 1630 1676 1668 Miltone
1687 1635 1797 1668 tenet
1811 1631 1910 1668 duas
1919 1631 2035 1669 hidas
2045 1632 2087 1668 in
2102 1631 2140 1668 N
2143 1615 2487 1679 orhamtonescire‚

477 1702 627 1740 scilicet
640 1702 683 1738 in
699 1701 869 1739 Miltone
880 1707 920 1740 et
930 1702 1194 1751 pertinentiis.
1251 1699 1305 1736 Et
1323 1699 1366 1735 in
1387 1698 1657 1736 Lincolnscira
1671 1711 1740 1736 sex
1758 1700 1919 1736 bovatas
1937 1703 2066 1746 terrae,
2082 1699 2232 1737 scilicet
2250 1700 2293 1736 in
2305 1699 2487 1736 Cletham

479 1774 519 1808 et
533 1769 740 1818 Yoltorpe,
753 1774 793 1808 et
811 1770 907 1807 inde
924 1770 1021 1807 facit
1039 1770 1244 1807 servitium
1264 1767 1438 1804 duorum
1456 1766 1646 1805 militum.
1692 1766 1738 1804 P.
1759 1763 1828 1805 57.
1876 1766 2261 1805 Fauvel.—Primus
2280 1766 2487 1804 Gilbertus

479 1836 645 1873 Fauvel.
703 1836 826 1885 Hugo
846 1836 996 1874 Fauvel
1014 1840 1124 1874 tenet
1150 1836 1194 1873 in
1214 1836 1592 1885 Norhamptonscire
1612 1836 1655 1872 in
1676 1835 1857 1873 VValcote
1877 1840 1916 1872 et
1936 1834 2135 1885 Suthorpe
2165 1840 2205 1874 et
2235 1835 2488 1885 pertinentiis

477 1903 558 1941 suis
575 1913 700 1940 unam
717 1902 855 1939 hidam
874 1907 913 1940 et
932 1915 1055 1939 unam
1073 1903 1267 1952 virgatam
1285 1908 1325 1942 et
1340 1904 1563 1942 dimidiam.
1620 1904 1671 1940 In
1703 1903 1995 1941 Lincolnescire
2027 1916 2151 1941 unam
2179 1908 2425 1942 carrucatam
2444 1904 2488 1941 in

478 1970 789 2016 Hibaldestowe,
822 1974 861 2007 et
892 1969 987 2007 inde
1016 1970 1111 2007 facit
1142 1970 1308 2019 plenum
1340 1972 1544 2009 servitium
1577 1972 1749 2009 duorum
1781 1972 1972 2010 militum.
2013 1972 2061 2010 P.
2080 1971 2145 2011 59.
2190 1972 2253 2010 De
2275 1972 2488 2010 Nevile.—-

477 2038 637 2076 Primus
673 2036 902 2075 Gilebertus
939 2038 990 2074 de
1030 2038 1184 2076 Nevile.
1262 2039 1403 2077 Haeres
1443 2039 1619 2077 Galfridi
1657 2039 1708 2077 de
1751 2039 1892 2077 Nevile
1934 2043 2044 2078 tenet
2087 2040 2131 2076 in
2176 2040 2484 2087 Lincolnescire,

476 2105 625 2143 scilicet
657 2104 699 2141 in
734 2104 945 2142 Waletone
974 2106 1095 2155 juxta
1132 2105 1415 2156 Folkingham,
1450 2109 1489 2143 et
1523 2106 1732 2154 Yoltorpe,
1770 2106 1869 2143 duas
1898 2112 2122 2144 carrucatas
2150 2111 2281 2154 terrae,
2321 2111 2360 2145 et
2392 2108 2488 2145 inde

476 2172 571 2210 facit
588 2172 753 2221 plenum
771 2172 975 2210 servitium
993 2172 1114 2209 unius
1132 2172 1280 2211 militis.
1338 2173 1383 2211 P.
1405 2172 1471 2211 60.
1531 2172 1593 2210 De
1613 2173 2040 2222 Pappelee.—Primus
2059 2174 2299 2212 Isenbardus
2313 2174 2487 2213 Artifex.

478 2239 677 2277 Martinus
696 2239 746 2277 de
766 2239 940 2289 Pappele
958 2244 1068 2277 tenet
1086 2240 1248 2277 feodum
1267 2240 1389 2277 unius
1406 2240 1544 2278 militis
1573 2239 1616 2276 in
1645 2239 1683 2276 N
1686 2239 2031 2289 orhamtonesoire,
2050 2241 2202 2280 scilicet
2220 2242 2264 2280 in
2284 2243 2457 2292 Pappele
2478 2259 2490 2291 ;

478 2311 519 2344 et
545 2307 640 2344 inde
667 2307 844 2356 plenarie
871 2308 1098 2357 respondet.
1157 2308 1205 2346 P.
1228 2308 1296 2347 59.
1355 2308 1417 2345 De
1450 2307 1910 2357 Bringhirst.--Primus
1943 2307 2150 2347 Galfridus
2169 2311 2220 2347 de
2246 2311 2487 2360 Bringhirst,

480 2374 707 2413 Willelmus
725 2376 776 2413 de
810 2376 1060 2425 Bringehirst
1091 2380 1201 2414 tenet
1229 2377 1272 2413 in
1293 2377 1613 2425 Leycestrescire,
1633 2376 1796 2423 scilicet,
1825 2376 1868 2413 in
1891 2377 2131 2426 Bringhirst,
2153 2377 2422 2427 Prestegrave,
2450 2385 2492 2418 et

481 2443 695 2492 Draytone,
714 2455 838 2480 unam
855 2443 992 2480 hidam
1006 2447 1045 2480 et
1064 2455 1186 2480 unam
1207 2443 1399 2492 virgatam
1420 2458 1431 2490 ;
1458 2448 1498 2481 et
1525 2444 1620 2481 inde
1653 2443 1748 2481 facit
1777 2444 1981 2482 servitium
2014 2445 2134 2482 unius
2164 2445 2316 2484 militis.
2347 2446 2395 2484 P.
2419 2446 2487 2485 60.

482 2512 544 2549 De
576 2511 971 2549 PevereL-—Primus
1004 2511 1121 2548 Walo
1152 2511 1202 2548 de
1229 2511 1412 2549 Pastone,
1471 2512 1668 2549 Robertus
1697 2512 1859 2550 Peverel
1891 2517 2002 2551 tenet
2029 2514 2072 2550 in
2102 2514 2489 2562 Norhamtoneseire,

480 2578 630 2616 scilicet
657 2579 700 2615 in
728 2578 897 2616 Pastone
916 2583 956 2616 et
975 2578 1291 2628 Wermingtone,
1311 2592 1435 2617 unam
1462 2580 1601 2617 hidam
1620 2585 1659 2618 et
1678 2593 1801 2618 unam
1820 2581 2013 2631 virgatam
2039 2586 2170 2630 terrae,
2192 2587 2231 2620 et
2250 2583 2345 2620 inde
2372 2584 2492 2622 debet

480 2645 685 2683 servitium
703 2645 822 2682 unius
836 2645 987 2682 militis.
1046 2644 1125 2682 Sed
1144 2647 1266 2683 abbas
1285 2647 1484 2685 Martinus
1505 2647 1744 2699 (secundus)
1762 2650 1943 2698 quietum
1962 2650 2146 2688 clamavit
2159 2652 2318 2689 tertiam
2335 2657 2489 2701 partem

481 2717 642 2764 propter
674 2717 834 2760 terram,
867 2725 958 2761 quae
992 2712 1068 2750 fuit
1102 2713 1274 2751 Gilberti
1312 2714 1475 2751 Peverel
1499 2715 1542 2752 in
1573 2715 1876 2765 Wermingtone
1903 2729 1975 2765 per
2001 2722 2165 2756 cartam.
2224 2719 2271 2757 P.
2300 2719 2367 2757 63.
2426 2720 2489 2757 De

482 2779 815 2830 Helpistone.—J
819 2780 994 2818 ohannes
1011 2780 1062 2819 de
1081 2780 1316 2830 Helpistone
1348 2785 1459 2819 tenet
1476 2782 1633 2819 tertiam
1650 2787 1802 2831 partem
1835 2784 1941 2821 feodi
1972 2785 2092 2822 unius
2110 2785 2246 2829 militis
2263 2786 2308 2823 in
2326 2786 2488 2836 Helpis-

482 2851 622 2888 tone.''

538 2917 570 2963 ’1-
599 2916 683 2954 The
712 2916 916 2966 following
943 2916 1154 2954 insertions
1189 2928 1256 2954 are
1288 2916 1331 2954 in
1364 2916 1433 2954 the
1464 2917 1621 2966 margin
1640 2917 1775 2955 beside
1801 2917 1870 2955 the
1888 2918 1964 2955 five
1981 2918 2065 2956 first
2084 2920 2229 2958 entries
2244 2922 2338 2960 2—-“
2353 2922 2428 2962 Tot
2446 2925 2489 2962 in

485 2985 672 3022 Pastune.
708 2983 906 3021 Herebert
919 2984 970 3022 de
989 2984 1194 3023 Waltune.
1236 2985 1359 3022 Malfe
1370 2984 1412 3021 in
1429 2984 1668 3022 Wudeford.
1699 2984 1850 3022 Turold
1869 2985 1919 3022 de
1939 2986 2087 3026 Castre.
2128 2987 2323 3027 Ricardus
2341 2995 2380 3028 et
2393 2991 2488 3029 Gal-

486 3051 614 3090 fridus
641 3049 779 3087 fratres
810 3049 974 3087 fuerunt
992 3064 1003 3097 3
1043 3051 1112 3088 sed
1144 3051 1339 3090 Ricardus
1379 3052 1457 3089 fuit
1495 3052 1796 3101 primogenitus.
1870 3052 1950 3090 Sed
1983 3054 2078 3102 quia
2103 3056 2297 3103 presbiter
2327 3058 2405 3096 fuit
2434 3060 2490 3097 ita

486 3118 672 3159 convenit
689 3117 794 3154 inter
811 3129 890 3164 eoa,
909 3118 1017 3166 quod
1035 3119 1299 3168 primogenito
1317 3121 1506 3158 remansit
1524 3121 1688 3159 ecclesia
1701 3125 1740 3159 et
1753 3121 1869 3159 tertia
1886 3133 1977 3170 pars
1994 3126 2112 3160 terre.
2170 3123 2371 3162 Henricus
2386 3125 2490 3163 Pan-

486 3191 627 3228 cevout
639 3187 681 3224 in
696 3185 896 3224 Estune.''
923 3185 1044 3236 Hugo
1058 3187 1262 3224 Candidus
1273 3188 1403 3226 writes
1415 3201 1458 3226 as
1469 3188 1620 3226 follows
1636 3189 1753 3228 :—P.
1769 3189 1836 3227 60.
1859 3190 1884 3210 “
1894 3190 1955 3227 De
1966 3189 2272 3229 Tot.—-Primus
2285 3192 2491 3232 Galfridus

488 3258 538 3294 de
553 3256 642 3293 Tot.
674 3253 902 3290 willelmus
920 3253 970 3290 de
985 3253 1060 3291 Tot
1073 3258 1183 3291 tenet
1195 3254 1236 3290 in
1252 3254 1290 3291 N
1293 3255 1639 3303 orhamtonescire,
1653 3256 1804 3294 scilicet
1821 3257 1863 3294 in
1880 3257 2062 3304 Pastone,
2081 3271 2204 3296 unam
2222 3260 2371 3308 hidam,
2386 3266 2426 3299 et
2444 3262 2487 3298 in

489 3322 797 3369 Leicestrescire‚
828 3321 979 3359 scilicet
1015 3321 1057 3358 in
1091 3321 1359 3371 Prestegrave,
1386 3334 1508 3359 unam
1527 3323 1731 3373 virgatam,
1761 3329 1800 3362 et
1819 3325 1913 3362 inde
1941 3325 2035 3363 facit
2053 3327 2256 3364 servitium
2275 3328 2488 3367 dimidium

488 3391 638 3430 militis.
657 3391 703 3429 P.
722 3389 789 3428 63.
812 3389 1040 3428 Willelmus
1052 3390 1101 3428 de
1123 3389 1304 3428 Waltone
1316 3395 1426 3429 tenet
1438 3396 1619 3441 quartam
1633 3397 1786 3442 partem
1800 3394 1920 3431 unius
1931 3395 2067 3432 militis
2081 3395 2122 3432 in
2137 3395 2336 3434 Waltone.
2359 3397 2406 3434 P.
2422 3396 2489 3435 59.
