2774 3952
913 405 1264 441 cnnochN
1298 406 1837 442 PETROBURGENSE.
2316 392 2379 452 17

384 529 566 583 abbas·
662 530 767 583 Cui
813 532 1074 585 successit
1115 532 1366 585 dominus
1405 532 1676 585 Robertus
1712 533 1778 585 de
1818 531 2047 584 Sottone
2083 533 2380 584 monachus

383 615 540 667 istius
565 615 686 669 loci.

125 696 366 735 M⁰⁰0¹¹ffii⁰·
461 701 585 754 Hoc
611 718 751 752 anno
778 700 830 752 ii.
857 700 978 751 idus
1006 698 1158 764 Maii,
1204 698 1379 750 dirum
1418 697 1614 750 initum
1650 704 1735 750 est
1766 697 1968 750 bellum
2009 699 2154 768 apud
2191 700 2379 752 Lewes

384 787 590 839 ratione
615 785 974 856 predictarum
1000 783 1371 854 provisionum
1397 783 1538 835 inter
1557 783 1837 836 dominum
1853 802 2030 854 regern
2054 793 2108 837 et
2132 785 2381 850 baroneS,

384 891 611 942 quorum
662 871 980 942 principales
1029 878 1162 922 tunc
1203 870 1422 921 fuerunt
1464 868 1802 921 Gislebertus
1854 870 1920 921 de
1974 869 2130 922 Clare
2183 870 2381 923 Comes

385 957 695 1021 Glovernie,
723 957 911 1009 Simon
947 955 1012 1007 de
1049 954 1374 1006 Monteforti
1414 953 1612 1005 Comes
1638 953 1947 1020 Leicestrie,
1974 956 2065 1025 qui
2101 956 2381 1008 victoriam

380 1052 512 1096 tunc
538 1043 904 1112 optinuerunt,
933 1039 1071 1108 regis
1103 1038 1347 1091 exercitu
1382 1039 1608 1090 confuso
1636 1048 1690 1091 et
1717 1039 1978 1110 disperso,
2006 1041 2190 1093 multis
2218 1041 2380 1095 etiam

383 1148 449 1182 ex
473 1136 624 1198 parte
649 1127 787 1197 regis
814 1125 1154 1196 magnatibus
1175 1124 1346 1194 captis
1374 1131 1429 1176 et
1451 1124 1812 1190 incarceratis,
1833 1134 1887 1178 et
1906 1127 2091 1178 multis
2118 1127 2170 1178 in
2200 1129 2381 1197 fugam

382 1215 572 1267 versiS.
646 1214 722 1266 Et
745 1213 905 1283 paulo
933 1219 1076 1276 ante,
1097 1211 1298 1264 scilicet
1322 1210 1379 1262 in
1407 1210 1630 1262 sabbato
1665 1210 1932 1280 passionis
1972 1212 2213 1278 Domini,
2240 1215 2384 1283 cepit

386 1301 638 1353 dominus
698 1317 793 1352 rex
842 1296 1294 1350 Norhamtoniam
1347 1304 1402 1348 et
1451 1297 1651 1348 multos
1708 1297 1906 1348 milites
1957 1304 2011 1349 et
2061 1298 2192 1350 alios
2242 1300 2383 1368 parti

385 1386 648 1439 baronum
690 1371 951 1448 faventes,
977 1393 1032 1436 et
1075 1401 1257 1435 secum
1306 1382 1461 1434 duxit
1515 1382 1757 1451 captivos
1803 1382 1927 1451 quia
1977 1382 2054 1434 ibi
2097 1402 2166 1436 ex
2206 1385 2382 1437 edicto

388 1471 624 1524 Simonis
658 1470 868 1523 comitis
908 1467 1213 1538 congregati
1238 1475 1391 1519 erant
1427 1473 1483 1518 et
1516 1467 1715 1519 dictam
1740 1466 1922 1519 villam
1961 1475 2148 1520 contra
2190 1469 2384 1520 volun-

387 1564 552 1609 tatem
580 1555 784 1609 domini
808 1554 947 1624 regis
974 1561 1155 1606 tenere
1182 1552 1511 1605 nitebantur.

124 1637 365 1678 M⁰0⁰⁰⁰¹XV⁰·
462 1642 586 1693 Hoc
611 1659 752 1692 anno
777 1639 850 1691 iii.
876 1639 997 1690 idus
1023 1636 1274 1706 Augusti,
1300 1636 1520 1689 domino
1547 1636 1846 1689 Eadwardo
1866 1638 2005 1707 regis
2026 1638 2385 1709 primogenito

388 1727 454 1780 de
479 1726 723 1780 custodia
750 1724 979 1778 Comitis
1009 1722 1245 1776 Simonis
1273 1722 1471 1787 solut0,
1491 1741 1791 1792 magnoque
1817 1724 2178 1776 marchiorum
2204 1743 2386 1778 excer-

386 1814 515 1878 citu,
540 1822 596 1866 et
638 1813 852 1866 Comite
881 1810 1174 1864 Glovernie
1216 1829 1399 1862 secum
1441 1810 1684 1874 collectO,
1727 1829 1850 1880 rege
1889 1810 2065 1863 adhuc
2108 1818 2290 1864 tamen
2328 1811 2386 1862 in

386 1898 629 1951 custodia
680 1897 911 1950 Comitis
963 1895 1201 1950 Simonis
1251 1914 1458 1947 moram
1512 1895 1758 1947 trahente
1802 1895 1929 1947 licet
1966 1895 2157 1960 invito,
2208 1896 2384 1948 dirum

385 1983 580 2036 initum
607 1991 690 2036 est
713 1983 916 2036 bellum
946 1982 1087 2034 inter
1121 1980 1326 2034 dictum
1365 1980 1646 2032 dominum
1687 1981 2012 2032 Edwardum
2056 1988 2110 2033 et
2154 2000 2280 2034 suos
2319 2000 2386 2034 ex

385 2076 537 2137 parte
562 2087 687 2132 una,
722 2075 777 2120 et
816 2067 1021 2119 dictum
1059 2066 1340 2118 dominum
1381 2065 1658 2117 Simonem
1702 2065 1954 2117 comitem
1996 2072 2051 2117 et
2093 2067 2383 2135 complices

388 2172 516 2206 suos
541 2172 608 2206 ex
633 2154 814 2217 altera,
840 2153 984 2222 apud
1009 2151 1298 2214 Evesham,
1320 2150 1412 2219 qui
1437 2150 1638 2202 ibidem
1665 2151 1872 2202 occisus
1899 2158 1982 2203 est
1996 2172 2012 2216 3
2052 2159 2106 2203 et
2132 2152 2385 2221 dominus

392 2240 680 2304 HenricuS,
721 2239 862 2290 filius
903 2238 1052 2306 ejus3
1102 2247 1157 2288 et
1200 2235 1288 2287 alii
1331 2234 1540 2286 nobiles
1584 2235 1772 2287 multi:
1837 2243 1893 2287 et
1936 2236 2093 2287 multi
2137 2238 2279 2307 capti
2329 2248 2385 2291 et

389 2325 586 2395 captivi
630 2323 794 2375 ducti.
869 2323 944 2374 Et
988 2339 1176 2373 omnes
1217 2319 1308 2389 qui
1352 2320 1401 2371 ei
1426 2319 1679 2371 favebant
1720 2327 1848 2372 sunt
1891 2321 2216 2374 exheredati.
2308 2324 2385 2376 Et

388 2410 584 2461 mirum
611 2407 759 2459 dictu
784 2425 846 2459 ea
869 2407 1002 2457 hora
1039 2424 1143 2475 qua
1177 2405 1377 2457 bellum
1410 2405 1512 2456 fuit
1536 2422 1632 2473 per
1657 2412 1828 2456 totam
1866 2412 2060 2456 terram
2087 2405 2144 2457 in
2170 2414 2383 2459 tantum

388 2494 704 2546 obscuratus
738 2499 822 2544 est
854 2509 944 2543 aer
979 2499 1034 2542 et
1076 2490 1438 2542 condensatus
1481 2497 1545 2540 ut
1588 2490 1749 2541 etiam
1793 2508 1903 2541 nox
1943 2498 2238 2559 putaretur.
2315 2493 2384 2544 In

388 2579 598 2649 signum
625 2585 687 2628 ut
713 2575 1004 2640 dicebatur,
1031 2575 1173 2645 quod
1195 2574 1330 2644 justi
1355 2593 1455 2644 pro
1475 2574 1693 2645 justicia
1710 2575 2096 2628 occubuerunt.
2171 2577 2384 2630 Deinde

386 2683 497 2717 non
523 2662 796 2715 modicum
820 2669 962 2730 post,
985 2661 1184 2714 scilicet
1210 2678 1396 2712 mense
1423 2660 1770 2726 NovembriS,
1789 2661 2048 2730 applicuit
2067 2662 2382 2715 Ottobonus

386 2750 591 2818 legatus
628 2747 681 2799 in
723 2747 974 2816 Angliam
1018 2746 1086 2798 ad
1115 2745 1434 2797 instanciam
1473 2746 1681 2798 domini
1720 2746 1858 2815 regis
1899 2765 1930 2798 a
1980 2747 2200 2800 domino
2244 2767 2383 2818 papa

385 2836 601 2886 missus.
675 2834 752 2884 Et
774 2833 831 2884 in
858 2832 1090 2885 crastino
1118 2830 1289 2884 sancti
1307 2831 1523 2883 Andree
1543 2832 1774 2901 apostoli
1791 2831 2078 2884 celebravit
2097 2834 2384 2886 concilium

388 2919 717 2984 Londoniis3
763 2917 956 2970 deinde
998 2917 1219 2969 infesto
1246 2917 1456 2968 Natalis
1495 2936 1603 2968 una
1644 2935 1766 2969 cum
1793 2934 1915 2986 rege
1941 2925 1995 2968 et
2020 2917 2200 2986 regina
2240 2920 2384 2988 apud

386 3004 837 3056 Norhamtoniam
881 3021 1086 3055 moram
1112 3003 1330 3054 trahens
1356 3002 1683 3071 legacionem
1722 3021 1874 3053 suam
1917 3001 2129 3070 publice
2156 3021 2385 3073 exeque-

385 3087 561 3152 batur,
612 3087 941 3140 sentenciam
992 3106 1023 3139 a
1073 3087 1292 3138 domino
1355 3105 1496 3156 papa
1545 3095 1607 3138 ut
1671 3086 1943 3139 asserebat
1990 3087 2154 3138 latam
2224 3107 2385 3157 super

390 3173 658 3225 Comitem
686 3173 993 3238 Leicestrie,
1014 3180 1069 3225 et
1085 3191 1245 3242 super
1261 3191 1448 3225 omnes
1474 3173 1612 3242 parti
1638 3174 1753 3242 ejus
1780 3174 2020 3225 faventes
2040 3174 2384 3242 publicando,

388 3257 639 3309 fratribus
665 3258 963 3310 minoribus
990 3266 1046 3310 et
1078 3257 1504 3327 predicatoribus
1538 3258 1594 3309 in
1621 3258 1820 3310 virtute
1859 3257 2162 3310 obedientie
2206 3258 2384 3325 injun-

389 3361 520 3412 gens
562 3350 626 3394 ut
666 3344 892 3397 eandem
934 3343 1257 3397 sententiam
1296 3343 1353 3395 in
1396 3343 1506 3395 suis
1551 3343 2008 3413 predicationibus
2069 3342 2384 3410 generaliter

463 3445 650 3480 CAMD.
680 3445 800 3481 soc,
2061 3444 2098 3478 D
