2774 3952
425 430 492 476 82
966 443 1321 479 CHRONICON
1352 444 1895 480 PETROBURGENSE.

425 568 635 621 ficiatus
678 568 889 634 existat,
928 577 1020 621 aut
1062 569 1190 621 alias
1225 588 1322 638 per
1365 569 1644 621 dominum
1686 587 1883 638 papam
1928 569 1994 620 de
2035 567 2295 622 beneficio
2340 587 2425 621 ec-

427 654 724 706 clesiastico
769 654 871 706 sibi
909 654 1244 723 providendo
1287 653 1548 723 scriptum
1592 653 1756 706 fuerit
1798 671 1897 722 pro
1943 653 2154 719 eodem,
2182 655 2425 707 sollerter

425 740 760 810 investigetis
785 741 1084 805 veritatem,
1110 748 1164 792 et
1190 740 1319 809 quid
1356 758 1453 809 per
1490 739 1804 808 hujusmodi
1837 739 2250 809 inquisicionem
2274 741 2425 792 inve-

424 826 612 879 neritis
661 844 770 878 una
837 845 959 879 curn
1011 826 1233 879 testium
1283 826 1594 878 nominibus
1645 833 1701 877 et
1751 844 1938 878 eorum
1989 825 2425 895 deposicionibus

427 911 527 963 sub
555 910 726 980 sigillo
762 919 943 963 vestro
987 910 1144 963 nobis
1186 910 1415 962 fideliter
1455 910 1835 963 transmittatis
1880 909 2174 975 inclusum,
2218 918 2424 963 vestras

423 997 628 1048 litteras
668 1004 916 1066 patentes
974 997 1162 1047 harum
1223 997 1415 1049 seriem
1468 997 1807 1049 continentes
1849 997 2234 1049 nichilominus
2262 995 2428 1048 desti-

423 1090 632 1134 nantes,
709 1082 915 1133 Datum
954 1083 1256 1134 Londoniis
1284 1100 1351 1134 .X.
1386 1082 1641 1134 kalendas
1684 1081 2037 1151 SeptembriS,
2075 1083 2426 1152 pontificatus

422 1167 593 1219 nostri
619 1185 760 1218 anno
788 1167 1041 1219 secundo.
2174 1171 2177 1175 ’

495 1252 710 1304 Deinde
736 1253 875 1304 facta
899 1252 1001 1303 fuit
1025 1253 1310 1321 inquisicio
1337 1271 1433 1323 per
1459 1253 1741 1305 officialem
1767 1253 2126 1306 archidiaconi
2152 1254 2426 1306 Norbam-

60 1337 334 1392 (ίοῑ-σίῑ-’Ὅ
423 1338 588 1400 tonie,
630 1338 714 1390 die
767 1337 988 1390 Sabbati
1013 1338 1259 1407 proxima
1303 1347 1431 1408 post
1470 1339 1670 1390 festum
1713 1339 1883 1391 sancti
1909 1343 1930 1404 s
1957 1339 2242 1391 Michaelis
2283 1344 2426 1391 anno

53 1415 114 1452 De
134 1416 282 1455 eodem.
427 1424 751 1493 supradictO,
771 1424 836 1476 de
852 1425 980 1489 vita,
998 1424 1239 1477 moribus
1257 1433 1311 1478 et
1331 1425 1761 1490 conversacione,
1778 1425 2185 1477 condicionibus
2207 1433 2262 1477 et
2277 1433 2427 1477 nata-

422 1511 563 1563 libus
609 1530 669 1563 ac
707 1510 823 1562 aliis
864 1511 1071 1562 meritis
1097 1511 1326 1580 predicti
1351 1511 1612 1563 Willelmi
1640 1511 1928 1581 Campiun,
1971 1529 2068 1581 per
2106 1511 2251 1564 viros
2294 1512 2428 1564 fide-

395 1597 614 1665 ·dignos
659 1597 868 1666 juratos
919 1604 975 1648 et
1019 1596 1301 1666 diligenter
1369 1597 1676 1666 singillatim
1722 1597 2075 1662 examinatOS,
2119 1597 2426 1666 irrequisito

423 1700 646 1733 assensu
673 1692 728 1733 et,
751 1681 1030 1732 voluntate
1056 1680 1266 1732 abbatis
1294 1688 1349 1732 et
1374 1689 1693 1734 conventUS.

495 1766 757 1818 Ricardus
795 1765 937 1817 filius
980 1766 1242 1834 Stephani
1286 1766 1352 1818 de
1397 1766 1760 1836 Irtlingburgo
1795 1768 2006 1836 juratus
2046 1775 2101 1819 et
2145 1767 2426 1836 diligenter

422 1852 777 1917 examinatUS,
812 1851 941 1902 dicit
968 1852 1113 1921 quod
1138 1851 1445 1904 Willelmus
1473 1852 1648 1904 dictus
1678 1853 1966 1923 Campyun
1993 1853 2058 1905 de
2103 1870 2210 1922 quo
2252 1852 2426 1922 agitur

421 1938 555 1990 liber
598 1946 681 1989 est
724 1945 779 1989 et
816 1937 1131 2006 legittimuS,
1176 1936 1319 1989 bone
1356 1938 1786 1990 conversacionis
1828 1946 1883 1990 et
1925 1939 2151 1990 honeste
2193 1938 2320 2002 vite,
2371 1949 2427 1991 et

421 2022 524 2074 fuit
564 2021 630 2074 ab
670 2022 919 2086 infancia,
946 2039 1046 2073 nec
1090 2030 1173 2074 est
1213 2021 1408 2073 alicubi
1451 2021 1822 2086 beneficiatus,
1849 2040 1948 2074 nec
1995 2022 2247 2074 dominus
2287 2042 2427 2092 papa

421 2109 549 2160 alias
577 2109 791 2178 scripsit
816 2126 914 2177 pro
946 2108 1156 2160 eodem.
1206 2098 1547 2177 'Requisitus
1575 2108 1803 2177 qualiter
1826 2108 1931 2159 ista
1952 2107 2082 2172 scit3
2126 2108 2257 2160 dicit
2282 2110 2427 2179 quod

420 2196 574 2247 novit
600 2196 803 2247 dictum
831 2195 1168 2246 Willelmum
1195 2194 1262 2246 ab
1290 2194 1521 2245 infancia
1546 2202 1601 2245 et
1625 2203 1835 2263 patrem
1862 2201 1917 2246 et
1943 2202 2169 2246 matrem
2195 2195 2383 2264 ipsius·

492 2282 799 2335 Willelmus
825 2282 968 2333 filius
996 2280 1194 2350 Rogeri
1221 2281 1287 2332 de
1315 2279 1646 2349 Irtlinburgo
1677 2280 1889 2349 juratus
1917 2288 1972 2332 et
1997 2280 2279 2350 diligenter
2305 2300 2428 2334 exa-

421 2368 656 2419 minatus
682 2368 824 2420 idem
853 2368 984 2421 dicit
1008 2386 1131 2419 cum
1160 2367 1390 2418 Ricardo
1417 2367 1708 2436 prejurato.

493 2454 791 2506 Nicholaus
820 2454 1060 2516 Bercloc,
1088 2453 1349 2505 Ricardus
1400 2453 1653 2522 piscator,
1679 2453 1986 2505 Willelmus
2013 2454 2265 2523 piscator,
2286 2453 2428 2506 Gos-

423 2537 627 2589 celinus
679 2537 919 2600 clericuS,
970 2537 1118 2587 Elias
1170 2535 1411 2599 Pedefer,
1464 2536 1630 2604 jurati
1681 2544 1737 2588 et
1787 2537 2069 2607 diligenter
2118 2538 2427 2607 singillatim

425 2621 716 2673 examinati
739 2621 882 2672 idem
911 2620 1099 2671 dicunt
1123 2637 1243 2671 cum
1275 2619 1505 2670 Ricardo
1531 2620 1643 2688 prej
1654 2628 1824 2672 urat0.

503 2690 678 2757 Facta*
709 2713 890 2757 autem
916 2703 1158 2773 predicta
1189 2702 1543 2771 inquisicione
1566 2723 1580 2765 3
1616 2703 1874 2755 Officialis
1901 2705 2259 2757 archidiaconi
2285 2706 2430 2757 Nor-

429 2789 952 2853 hamtonie,domino
973 2788 1249 2857 Episcopo
1269 2785 1568 2838 transmisit
1583 2787 2026 2840 certificacionem
2042 2789 2145 2841 hoc
2166 2790 2328 2841 modo
2341 2810 2429 2840 :—

505 2874 823 2926 Reverendo
849 2873 905 2924 in
924 2871 1143 2924 Christo
1165 2870 1312 2923 Patri
1338 2870 1559 2922 domino
1587 2869 1805 2923 Olivero
1827 2872 1933 2924 Dei
1956 2872 2124 2941 gratia
2148 2873 2428 2926 Lincolnie

433 2961 687 3030 episcopo
729 2977 858 3010 suus
883 2957 1102 3009 humilis
1141 2964 1196 3009 et
1234 2956 1462 3008 devotus
1489 2955 1727 3008 officialis
1763 2957 2120 3010 archidiaconi
2158 2958 2427 3011 Norham-

433 3045 582 3098 tonie
608 3045 836 3097 salutem
864 3062 986 3096 cum
1015 3061 1228 3095 summo
1256 3041 1566 3094 obediencie
1593 3042 1774 3095 debito
1819 3043 2015 3112 pariter
2058 3051 2114 3095 et
2149 3044 2429 3097 honorem.

435 3131 760 3184 Mandatum
798 3137 1039 3181 vestrum
1077 3129 1135 3180 in
1176 3129 1277 3181 hec
1316 3127 1479 3180 verba
1515 3129 1706 3198 recepi.
1785 3127 2035 3181 Oliverus
2075 3130 2430 3197 permissione

436 3215 617 3267 divina
638 3214 915 3266 Lincolnie
933 3214 1240 3283 Episcopus
1266 3213 1456 3266 unicus
1478 3222 1732 3266 executor
1756 3213 1995 3265 mandati
2011 3215 2308 3283 apostolici,
2329 3224 2431 3269 etc.

437 3320 539 3370 que
591 3319 753 3370 supra
801 3307 1076 3353 notantur.
1153 3299 1334 3368 Hujus
1383 3299 1547 3368 igitur
1596 3298 1911 3351 auctoritate
1961 3300 2199 3352 mandati
2248 3303 2431 3369 vestri,

438 3404 600 3457 super
639 3385 766 3451 vita,
816 3383 1074 3449 moribUS‚
1125 3391 1180 3436 et
1228 3383 1343 3436 aliis
1389 3384 1809 3437 circumstanciis
1855 3385 2100 3454 superius
2163 3387 2431 3439 contentis
