2774 3952
1040 461 1395 499 ennomcoN
1426 466 1967 503 PETRORURGENSE.
2440 461 2527 520 65,

504 586 652 639 tibus
696 588 845 657 regni
890 597 945 641 et
984 589 1049 651 de
1094 592 1336 660 quolibet
1378 593 1638 645 comitatu
1683 594 1897 646 duobus
1942 594 2203 647 militibus
2243 596 2505 662 discretis,

504 675 801 727 secundum
827 676 1052 728 formam
1082 677 1322 730 mandati
1363 678 1526 747 Regis
1564 679 1933 748 suprascripti,
1960 680 2138 732 David
2166 682 2504 750 supradictus

499 777 686 812 eorum
714 761 938 814 consilio
980 769 1236 832 tanquam
1277 764 1540 832 proditor,
1569 764 1824 816 seductor
1864 772 1920 817 et
1958 765 2107 834 pacis
2145 767 2506 835 perturbator,

498 865 610 899 non
638 848 814 899 solum
842 849 1006 900 morti
1031 849 1387 918 adjudicatur,
1411 867 1599 901 verum
1627 849 1790 901 etiam
1815 850 1973 903 vivus
2000 852 2247 918 trahitur,
2275 872 2503 923 suspen-

498 932 660 997 ditur,
700 934 1018 998 mutillatur,
1056 941 1112 986 et
1154 935 1375 986 tandem
1421 934 1734 1000 decollatur,
1774 935 2042 1005 oprobriis
2087 945 2271 990 tamen
2315 940 2501 992 multis

497 1027 622 1072 ante
643 1020 909 1090 judicium
937 1020 1040 1073 sibi
1077 1020 1284 1083 datum,
1332 1021 1557 1073 affectus
1599 1021 1666 1074 de
1708 1021 2098 1091 ingratitudine
2125 1042 2238 1089 sua,
2266 1043 2329 1077 eo
2357 1029 2501 1095 quod

498 1104 753 1158 dominus
778 1107 894 1159 Rex
919 1106 1097 1176 ipsum
1125 1107 1441 1171 nutriverat,
1477 1106 1758 1173 ditaverat,
1785 1115 1840 1160 et
1869 1108 2011 1161 inter
2036 1110 2267 1180 majores
2293 1113 2501 1181 pallacii

496 1190 582 1242 sui
607 1191 979 1244 collocaverat.
1051 1191 1232 1260 Caput
1265 1191 1428 1243 etiam
1473 1192 1590 1260 ejus
1633 1192 1936 1246 Londoniis
1978 1195 2232 1260 defertur,
2259 1205 2314 1248 et
2340 1216 2501 1267 super

491 1277 708 1329 Turrim
746 1277 1053 1351 collocatur,
1097 1278 1243 1348 quod
1268 1278 1469 1330 factum
1497 1286 1581 1330 est
1625 1280 1993 1349 spectaculum
2029 1282 2283 1334 omnibus
2323 1291 2499 1335 trans-

491 1363 748 1416 euntibus
774 1372 829 1417 et
853 1365 1192 1434 proditorum
1220 1365 1509 1434 exemplar.

566 1450 690 1504 Hoc
715 1470 857 1504 anno
883 1453 1025 1504 facta
1050 1451 1154 1503 fuit
1192 1452 1423 1521 quedam
1462 1452 1786 1520 compesitio
1825 1454 1891 1506 de
1931 1462 2152 1524 pastura
2180 1455 2246 1508 de
2276 1455 2496 1509 Scotere

488 1544 544 1588 et
569 1537 636 1590 de
664 1537 943 1603 Scottona,
970 1538 1070 1590 sub
1098 1538 1198 1590 hac
1223 1538 1396 1589 forma
1417 1557 1506 1588 :—

559 1621 828 1675 Noverint
841 1622 1250 1692 universi,quod
1268 1639 1390 1674 cum
1411 1638 1504 1690 per
1521 1621 1801 1675 dominum
1821 1621 2073 1676 abbatem
2091 1632 2147 1676 et
2163 1633 2491 1678 conventum

484 1707 551 1760 de
561 1708 744 1777 Burgo
763 1709 934 1762 sancti
944 1709 1108 1774 Petri,
1118 1708 1400 1760 dominum
1419 1705 1720 1759 Robertum
1738 1709 1804 1760 de
1823 1709 2034 1773 Nevile‚
2045 1717 2100 1761 et
2113 1709 2151 1762 J
2155 1710 2424 1762 ohannem
2441 1711 2490 1762 le

481 1793 665 1846 Tailur
691 1795 757 1847 de
777 1794 1055 1859 Scottona,
1074 1794 1252 1847 averia
1271 1800 1651 1847 extraneorum
1675 1793 1730 1845 in
1759 1802 1982 1864 pastura
2007 1794 2073 1846 de
2102 1794 2320 1848 Scotere
2347 1804 2402 1848 et
2422 1797 2487 1848 de

475 1880 744 1934 ‘Scottona
762 1880 1100 1950 temporibus
1118 1879 1396 1933 retroactis
1416 1879 1791 1949 agistarentur,
1812 1888 1868 1933 et
1888 1881 1954 1933 ab
1977 1881 2181 1934 eisdem
2205 1882 2271 1934 de
2297 1882 2389 1952 huj
2399 1902 2428 1933 u
2438 1902 2486 1934 s*-

115 1953 287 1996 Saotero.
480 1966 628 2019 modi
643 1967 834 2020 averiis
849 1965 1163 2036 herbagium
1190 1973 1487 2036 caperetur,
1507 1984 1824 2019 concessum
1845 1974 1930 2019 est
1948 1974 2004 2019 et
2021 1967 2163 2019 inter
2187 1967 2336 2036 ipsos
2358 1987 2485 2020 con-

113 2051 319 2094 Scottona,
477 2060 702 2106 ventum
740 2060 796 2105 et
838 2060 1027 2105 tenore
1066 2052 1334 2121 presentis
1381 2051 1568 2121 scripti
1605 2051 1748 2104 inter
1789 2052 1940 2120 ipsos
1985 2052 2342 2121 cirographati
2385 2071 2484 2122 pro

460 2137 572 2202 -eiS,
594 2137 1000 2190 successoribus
1021 2144 1076 2189 et
1098 2136 1388 2188 heredibus
1416 2137 1527 2188 suis
1554 2136 1952 2200 confirmatum,
1974 2137 2120 2206 quod
2140 2137 2288 2189 nulla
2307 2138 2483 2190 averia

473 2224 531 2276 in
552 2224 914 2293 suprascripta
923 2230 1160 2292 pastura,
1176 2240 1272 2292 per
1287 2222 1558 2292 predictos
1578 2221 1830 2274 abbatem
1847 2229 1902 2274 et
1918 2229 2265 2286 conventum,
2277 2223 2483 2276 Rober-

471 2318 610 2375 tum,
620 2317 674 2363 et
682 2310 719 2363 J
723 2310 1011 2374 ohannem,
1023 2327 1119 2362 seu
1134 2326 1230 2377 per
1245 2308 1476 2378 aliquem
1494 2325 1864 2360 successorum
1879 2308 1966 2360 vel
1981 2308 2240 2360 heredum
2259 2327 2479 2361 suorum

474 2398 541 2450 de
579 2404 756 2450 cetero
794 2396 1110 2466 agistentur,
1147 2412 1247 2446 nec
1284 2393 1601 2463 herbagium
1637 2393 1765 2446 inde
1804 2393 2062 2463 capiatur.
2139 2394 2215 2445 Et
2241 2395 2386 2462 quod
2412 2395 2479 2447 de

473 2482 779 2554 supradicta
816 2489 1052 2552 pastura,
1080 2492 1240 2551 prout
1276 2498 1374 2550 per
1411 2479 1624 2532 bundas
1659 2486 1714 2531 et
1738 2486 1911 2532 metas
1950 2479 2017 2531 de
2050 2497 2321 2531 consensu
2358 2499 2479 2549 par-

471 2570 615 2623 cium
639 2568 846 2639 positas
866 2567 1080 2638 plenius
1101 2574 1339 2636 apparet,
1367 2565 1510 2618 inter
1529 2566 1793 2618 calcetum
1814 2564 1880 2617 de
1908 2564 2150 2617 Surswat
2169 2572 2224 2618 et
2249 2565 2475 2618 divisam

466 2655 610 2709 inter
634 2654 922 2707 mariscum
947 2654 1014 2706 de
1042 2653 1305 2706 Scottona
1335 2660 1390 2704 et
1429 2651 1682 2704 Lautona
1705 2650 1802 2703 fiat
1839 2657 2314 2721 appruamentum.
2391 2653 2476 2705 Ita

464 2742 717 2797 videlicet
741 2741 887 2812 quod
912 2739 1173 2793 medietas
1198 2738 1374 2791 tocius
1402 2737 1779 2808 appruamenti
1804 2755 1972 2808 penes
1990 2737 2195 2790 dictum
2222 2737 2473 2791 abbatem

465 2827 783 2892 remanebit,
809 2826 1050 2896 exceptis
1079 2825 1186 2877 ,xii.
1227 2823 1383 2889 acriS,
1421 2841 1554 2892 quas
1595 2822 1773 2875 dictus
1812 2822 2095 2874 ,Iohannes
2138 2817 2362 2875 habebit
2406 2825 2472 2876 de

464 2914 720 2984 porcione
746 2913 876 2966 dicti
902 2902 1111 2964 abbatis
1137 2918 1319 2981 preter
1343 2909 1658 2980 porcionem
1682 2908 1864 2977 ipsum
1895 2907 2321 2977 contingentem.
2396 2909 2472 2960 Et

100 2999 199 3050 (fol.
217 3002 315 3041 xcvi.
336 3006 415 3056 ⁷⁰·)
463 2985 634 3053 alterav
662 2999 923 3052 medietas
949 3016 1117 3068 penes
1145 2997 1318 3049 dictos
1346 2995 1650 3061 Robertum
1690 3004 1746 3046 et
1770 2994 1807 3046 J
1811 2994 2082 3046 ohannem
2106 2998 2128 3059 l
2153 2994 2469 3047 remanebit.

467 3086 554 3139 Ita
603 3086 807 3139 scilicet
849 3086 996 3156 quod
1047 3085 1151 3136 due
1200 3090 1381 3153 partes
1433 3081 1576 3134 dicte
1617 3079 1923 3132 medietatis
1973 3098 2141 3149 penes
2186 3080 2466 3133 dominum

465 3171 766 3226 Robertum
790 3171 1167 3236 remanebunt,
1193 3177 1249 3222 et
1273 3168 1440 3222 tercia
1463 3185 1589 3238 pars
1614 3184 1783 3236 penes
1809 3167 2115 3236 predictum
2154 3167 2191 3219 J
2194 3168 2463 3219 ohannem

460 3237 776 3322 remanebit,
800 3242 922 3309 una*
948 3275 1073 3309 cum
1109 3273 1202 3308 sex
1241 3253 1378 3306 acris
1404 3271 1539 3323 quas
1566 3252 1632 3304 de
1670 3252 1928 3321 porcione
1966 3251 2194 3322 predicti
2239 3252 2463 3303 Roberti

458 3348 638 3409 preter
661 3341 861 3394 dictam
886 3342 1100 3394 tertiam
1126 3347 1336 3412 partem
1372 3338 1612 3391 habebit.
1689 3338 1765 3390 Et
1804 3339 1982 3390 dictus
2027 3338 2194 3389 abbas
2235 3344 2289 3388 et
2332 3354 2459 3388 con-

458 3433 653 3479 ventus
678 3433 735 3478 et
763 3445 950 3479 eorum
976 3445 1316 3480 successores
1341 3425 1580 3478 habeant
1605 3431 1661 3477 et
1687 3432 1909 3476 teneant
1951 3423 2262 3492 porcionem
2304 3440 2456 3491 suam

532 3527 721 3564 GAMD.
750 3527 872 3563 Soc.
2126 3525 2164 3559 K
