2774 3952
991 450 1345 486 CHRONICON
1377 451 1921 487 PETROBURGENSE.
2395 438 2461 495 87
2501 490 2505 494 ,

458 575 752 646 apostolica
791 577 1013 646 gravati,
1039 595 1135 646 per
1159 595 1258 630 vos
1286 578 1371 630 vel
1398 595 1494 647 per
1528 578 1690 629 alium
1722 595 1814 629 seu
1861 593 1958 646 per
2001 575 2134 627 alios
2181 575 2463 645 providere

455 663 773 732 procuretiS,
793 663 1112 716 inducentes
1139 682 1226 715 me
1251 664 1308 715 in
1329 664 1662 733 corporalem
1683 662 2086 732 possessionem
2103 662 2275 731 ipsius
2301 661 2466 714 bene-

454 747 562 798 ficii
611 756 666 799 et
734 747 1085 799 defendentes
1140 748 1444 800 inductum.
1541 746 1790 816 Cumque
1853 746 2078 798 ecclesia
2145 747 2464 815 parochialis

458 833 524 884 de
561 833 833 903 Cloptona
883 834 950 885 ad
1001 833 1266 885 dictorum
1312 833 1521 885 abbatis
1572 840 1627 885 et
1676 840 1975 885 conventus
2021 832 2086 884 de
2132 832 2312 901 Burgo
2358 833 2463 884 col-

457 918 720 970 lacionem
747 937 843 971 seu
867 919 1328 988 presentacionem
1370 918 1581 970 notorie
1626 926 1877 988 spectans
1904 918 1972 969 ad
2009 936 2232 987 presens
2259 919 2323 970 de
2344 920 2464 988 jure

457 1012 611 1056 vacet
638 1012 693 1056 et
720 1005 784 1056 de
811 1004 971 1067 fact0,
999 1021 1102 1073 que
1129 1002 1352 1055 ecclesia
1377 1010 1693 1072 competens
1721 1002 1826 1054 dici
1866 1009 2049 1071 potest
2093 1002 2259 1054 michi
2301 1002 2464 1054 bene-

456 1088 637 1140 ficium
663 1096 719 1140 et
743 1095 827 1141 est
845 1088 902 1139 in
928 1106 1138 1153 occasu,
1158 1089 1300 1139 facta
1324 1106 1420 1157 per
1439 1107 1537 1140 vos
1563 1088 1922 1158 inquisicione
1948 1087 2187 1158 predicta
2211 1088 2267 1139 in
2294 1089 2465 1140 forma

456 1174 611 1226 vobis
651 1173 989 1238 demandata,
1016 1182 1178 1243 prout
1202 1172 1358 1226 vobis
1404 1181 1619 1227 constat
1642 1174 1903 1243 legittime
1943 1173 2110 1226 nichil
2144 1174 2462 1226 canonicum

458 1260 621 1312 michi
648 1266 987 1329 compertum
1013 1259 1293 1324 obsistere,
1321 1259 1526 1312 scilicet
1551 1260 1705 1328 cujus
1731 1268 1982 1329 pretextu
2008 1259 2215 1328 prefate
2242 1260 2463 1312 ecclesie

456 1345 821 1413 provisionem
882 1335 1057 1409 vobiS,
1097 1344 1266 1396 immo
1305 1345 1485 1397 verius
1529 1345 1749 1397 domino
1791 1363 1949 1415 pape,
1986 1344 2320 1409 reservastis»,
2372 1345 2463 1397 de-

458 1438 736 1482 cernentes
772 1429 1028 1500 quicquid
1066 1437 1254 1482 contra
1291 1430 1394 1482 hoc
1433 1437 1619 1482 actum
1658 1429 1819 1481 fuerit
1860 1428 2073 1480 irritum
2100 1436 2156 1481 et
2180 1428 2355 1493 inane,
2381 1430 2464 1481 in-

457 1516 703 1568 hibentes
742 1516 945 1568 eisdem
972 1515 1154 1569 abbati
1180 1523 1235 1567 et
1259 1514 1550 1567 conventui
1576 1533 1645 1566 ne
1689 1522 1877 1566 contra
1919 1513 2235 1582 hujusmodi
2262 1515 2463 1566 factum

455 1609 697 1654 vestrum
741 1601 940 1670 aliquid
983 1619 1081 1670 per
1122 1619 1179 1653 se
1222 1601 1309 1654 vel
1348 1617 1444 1670 per
1470 1600 1634 1651 alium
1667 1606 1994 1668 attempt-ent
2030 1598 2119 1650 vel
2156 1599 2464 1668 attemptari

456 1687 655 1739 faciant
698 1687 1079 1756 quoquomodo
1130 1686 1187 1738 in
1256 1686 1555 1739 elusionem
1597 1685 1839 1737 mandati
1883 1684 2165 1754 apostolici
2206 1703 2301 1736 seu
2343 1704 2464 1755 pre-

450 1773 714 1843 judicium
741 1772 1128 1825 reservacionis
1153 1780 1333 1825 vestre
1358 1772 1444 1824 vel
1465 1772 1664 1824 decreti
1693 1771 2004 1841 supradicti.
2082 1771 2262 1826 Quare
2287 1772 2464 1824 humi-

455 1859 577 1910 liter
599 1865 726 1927 peto
753 1875 851 1926 ego
880 1857 1055 1908 dictus
1075 1875 1288 1926 ,pauper
1313 1856 1537 1909 clericus
1579 1864 1634 1908 et
1676 1856 1944 1908 instanter
1987 1855 2121 1907 mihi
2165 1857 2463 1908 secundum

457 1945 707 2009 formam,
749 1950 1015 2007 naturam,
1050 1942 1162 1994 vim
1207 1949 1262 1995 et
1305 1942 1559 1994 effectum
1598 1942 1803 2011 prefate
1846 1942 2023 1994 littere
2060 1941 2355 2010 provisorie
2396 1943 2462 1994 de

457 2030 662 2098 prefata
687 2028 910 2080 ecclesia
936 2027 1004 2079 de
1031 2026 1304 2096 Cloptona
1340 2027 1630 2095 provideri,
1675 2034 1730 2079 et
1769 2045 1854 2079 me
1879 2027 1936 2079 in
1963 2027 2292 2096 corporalem
2336 2045 2462 2096 pos-

460 2114 756 2166 sessionem
780 2113 950 2181 ipsius
996 2113 1218 2164 ecclesie
1244 2130 1341 2181 per
1364 2130 1462 2164 vos
1496 2112 1858 2164 venerabilem
1898 2120 2108 2180 patrem
2139 2112 2461 2181 predictum,

458 2207 621 2269 prout
645 2198 771 2250 facti
809 2198 1036 2267 qualitas
1080 2205 1137 2249 et
1161 2205 1350 2249 natura
1375 2197 1598 2266 requirit
1622 2197 1806 2249 induci
1832 2206 1886 2249 et
1921 2197 2136 2249 defendi
2162 2197 2461 2263 inductum,

460 2303 521 2336 ac
534 2283 749 2353 justicie
767 2283 1225 2351 complementum
1242 2277 1406 2334 michi
1431 2281 1487 2332 in
1515 2281 1769 2334 omnibus
1797 2280 2032 2345 exiberi3
2074 2299 2184 2333 non
2212 2281 2461 2336 obstante

459 2369 840 2422 reclamacione
882 2368 1092 2419 Thome
1141 2367 1373 2437 Deyvile
1423 2367 1491 2418 ad
1542 2367 1741 2419 dictam
1785 2367 2063 2419 ecclesiam
2113 2376 2240 2436 post
2294 2385 2462 2420 reser—

459 2456 736 2508 vacionem
763 2462 818 2506 et
843 2453 1042 2506 decreti
1067 2453 1544 2522 interposicionem
1588 2471 1649 2505 ac
1692 2452 2079 2505 inhibicionem
2106 2461 2313 2504 vestras
2340 2472 2462 2522 pre-

460 2542 649 2606 dictaS‚
676 2558 772 2592 seu
807 2539 947 2592 dicte
973 2539 1150 2591 littere
1194 2538 1491 2608 provisorie
1536 2538 1932 2590 exhibicionem
1958 2537 2114 2590 vobis
2139 2538 2355 2604 factam,
2394 2541 2462 2592 ad

459 2628 657 2680 dictam
683 2626 963 2679 ecclesiam
1001 2625 1175 2689 vobiS,
1219 2633 1283 2677 ut
1323 2625 1535 2689 dicitur,
1561 2624 1876 2694 presentati,
1904 2642 2004 2676 nec
2047 2623 2300 2677 obstante
2327 2645 2461 2695 quo·

459 2733 617 2784 quam
639 2713 740 2764 alio
763 2713 907 2782 quod
926 2712 982 2763 in
1002 2712 1109 2764 mei
1128 2710 1483 2781 prejudicium
1501 2710 1587 2762 vel
1602 2711 1840 2763 mandati
1862 2711 2145 2781 apostolici
2162 2711 2460 2765 elusionem

457 2799 680 2853 fecerint
704 2798 870 2851 abbas
896 2806 952 2850 et
977 2806 1277 2850 conventus
1304 2797 1604 2849 memorati.

533 2886 666 2937 Post
703 2886 802 2937 hec
845 2885 1007 2936 frater
1033 2883 1339 2936 Willelmus
1382 2883 1448 2934 de
1482 2883 1801 2947 Wodeford‚
1847 2892 2162 2951 procurator
2194 2883 2461 2936 dictorum

459 2970 667 3023 abbatis
693 2978 748 3022 et
773 2978 1092 3034 conventuS,
1109 2969 1350 3038 porrexit
1365 2986 1545 3020 coram
1568 2968 1788 3020 domino
1810 2969 2066 3038 episcopo
2089 2970 2348 3039 quasdam
2369 2989 2460 3023 ex-

461 3057 741 3125 cepciones
756 3063 867 3107 tam
889 3063 1074 3108 contra
1098 3073 1386 3123 personam
1403 3053 1533 3105 dicti
1550 3053 1809 3106 Willelmi
1831 3054 2102 3124 Campiun
2122 3074 2282 3125 quam
2299 3056 2459 3108 etiam

461 3148 646 3191 contra
669 3140 1033 3209 provisionem
1051 3158 1211 3208 quam
1237 3139 1523 3208 episcopus
1552 3139 1617 3192 de
1644 3140 1867 3192 ecclesia
1894 3141 1960 3192 de
1989 3139 2260 3210 Cloptona
2286 3141 2459 3193 eidem

460 3224 632 3275 facere
656 3224 984 3277 intendebat.
1062 3225 1183 3279 Que
1225 3225 1442 3294 quidem
1487 3225 1832 3294 exceptiones
1861 3233 2120 3278 notantur
2146 3245 2307 3295 supra
2331 3226 2459 3276 folio

463 3308 692 3376 septimo
741 3311 1078 3378 precedente,
1128 3311 1195 3362 de
1246 3310 1442 3379 quibus
1483 3311 1738 3364 omnibus
1788 3319 1843 3365 et
1887 3313 2110 3382 singulis
2161 3310 2457 3381 prenotatis

462 3394 663 3445 factum
690 3400 774 3445 est
798 3395 1068 3462 quoddam
1096 3397 1524 3462 memorandum,
1552 3397 1652 3449 sub
1678 3398 1778 3450 hac
1803 3399 1975 3450 forma
1996 3417 2085 3448 :—
