2774 3952
955 473 1309 512 cnaomcoN
1337 475 1880 513 PETROBURGENSE.
2381 462 2446 509 93
2484 478 2488 482 ’

427 615 658 668 cumque
692 598 1010 665 ordinandO,
1056 602 1364 667 statuendO,
1391 602 1748 667 decernendO,
1782 601 1869 654 vel
1909 597 2215 652 adversario
2250 606 2440 650 nostro

58 685 155 740 (foc.
173 698 226 725 cv.
246 683 318 735 νο·)
427 684 763 754 providendo
780 687 1133 755 attemptetiS,
1142 688 1410 757 predictas
1429 688 1584 740 sedes
1595 695 1658 740 ut
1671 687 1821 756 prius
1839 683 2052 754 appello
2066 688 2087 749 s
2095 691 2149 736 et
2165 684 2441 752 apostolos

61 764 122 802 De
140 762 295 800 eodem.
428 777 574 841 peto,
618 771 759 824 Item
781 790 880 841 ego
900 781 1216 842 procurator
1239 774 1450 826 Thome
1478 774 1544 826 de
1560 773 1744 825 Deivil
1759 772 1827 824 ad
1847 772 2046 823 dictam
2068 770 2347 822 ecclesiam
2376 770 2443 821 de

432 856 704 926 Cloptona
735 877 767 909 a
797 858 1030 911 dominis
1064 859 1198 911 meis
1236 859 1509 928 predictiS,
1535 859 1779 929 ejusdem
1805 857 2028 910 ecclesie
2065 857 2130 908 de
2151 857 2271 926 jure
2298 863 2353 908 et
2378 855 2444 908 de

430 943 572 995 facto
598 944 836 996 vacantis
874 945 1013 997 veris
1055 946 1316 1014 patroniS,
1343 945 1600 998 canonice
1635 943 1951 1014 presentati,
1977 942 2189 1012 appello
2225 940 2446 994 nomine

431 1029 604 1098 ipsius
628 1029 996 1100 procuratorio
1022 1048 1054 1081 a
1086 1029 1242 1082 vobis
1279 1030 1433 1082 sedes
1462 1030 1796 1100 supradictas
1835 1047 1936 1100 pro
1975 1047 2057 1094 e0,
2085 1028 2231 1098 quod
2262 1027 2446 1097 ipsum

433 1114 699 1166 Thomam
725 1113 1006 1166 dominum
1048 1132 1230 1166 meum
1273 1115 1560 1167 distulistis
1587 1123 1810 1168 actenus
1849 1121 2037 1166 contra
2070 1112 2364 1182 justiciam,
2392 1119 2447 1164 et

433 1199 721 1253 recusastis
761 1201 829 1252 ad
867 1200 1094 1253 eandem
1138 1200 1419 1253 ecclesiam
1460 1201 1762 1265 admittere,
1789 1207 1845 1253 et
1884 1208 2147 1253 rectorem
2173 1198 2230 1250 in
2258 1199 2445 1250 eadem

434 1285 714 1338 instituere
758 1286 916 1355 juxta
960 1294 1270 1339 sanctorum
1316 1294 1532 1356 patrum
1590 1287 1862 1350 instituta,
1925 1293 1980 1338 et
2044 1292 2174 1354 peto
2224 1284 2447 1353 insuper

433 1370 711 1439 apostolos
737 1370 795 1422 in
821 1371 922 1423 hac
948 1378 1102 1440 parte
1129 1389 1253 1423 cum
1278 1371 1563 1423 instancia.
1611 1437 1614 1441 ¹

506 1455 979 1526 Appellationibus
1013 1456 1335 1526 supradictis
1382 1457 1458 1509 sic
1492 1457 1594 1509 rite
1632 1457 1808 1522 factis,
1853 1456 2182 1524 EpiscopuS,
2207 1453 2312 1506 illis
2338 1472 2450 1506 non

437 1540 784 1594 obstantibus
802 1563 818 1606 3
859 1542 1134 1611 sepedicto
1175 1542 1454 1595 Willelmo
1495 1542 1768 1612 Campiun
1816 1542 1883 1594 de
1920 1541 2126 1611 prefata
2171 1538 2441 1606 [ecclesia]

439 1626 506 1678 de
534 1626 807 1695 Cloptona
828 1627 1110 1696 providere
1135 1628 1485 1698 presumpsit,
1523 1646 1646 1680 eum
1671 1646 1770 1697 per
1809 1626 2007 1679 librum
2048 1626 2116 1678 de
2142 1625 2329 1676 eadem
2368 1623 2452 1675 in—

438 1713 740 1777 vestiendo,
765 1731 826 1765 ac
852 1713 1189 1766 decernendo
1216 1714 1449 1767 eundem
1475 1714 1814 1767 Willelmum
1858 1714 1973 1766 fore
2000 1712 2367 1764 inducendum
2393 1711 2452 1763 in

441 1799 773 1868 corporalem
798 1799 1202 1868 possessionem
1228 1800 1473 1870 ejusdem
1499 1800 1741 1867 ecclesie,
1779 1808 1836 1853 et
1872 1799 2138 1853 tuendum
2164 1798 2221 1850 in
2247 1798 2452 1851 eadem.

440 1885 492 1936 A
517 1884 712 1954 quibus
750 1885 1061 1955 provisione
1086 1894 1141 1938 et
1178 1886 1394 1940 decreto
1421 1888 1659 1956 prefatus
1684 1894 2003 1957 procurator
2029 1886 2096 1938 de
2123 1886 2305 1954 Burgo
2331 1903 2454 1954 pre-

441 1970 610 2023 dictas
655 1972 828 2036 sedes,
868 1980 930 2024 ut
971 1990 1150 2042 supra,
1190 1972 1452 2043 legittime
1491 1974 1800 2044 appellavit,
1842 1981 1896 2025 et
1936 1991 1966 2024 a
1991 1972 2136 2024 curia
2165 1970 2453 2023 Cantuarie

440 2056 682 2124 predicta
705 2056 1091 2109 inhibicionem
1119 2058 1375 2126 optinuit,
1404 2058 1504 2110 sub
1531 2059 1632 2110 hac
1656 2059 1830 2110 forma
1847 2078 1933 2109 :—

517 2143 836 2194 Reverendo
859 2143 916 2194 in
938 2143 1160 2195 Christo
1185 2143 1325 2212 patri
1352 2144 1573 2196 domino
1601 2144 1824 2196 Olivero
1851 2142 1958 2194 Dei
1983 2140 2152 2210 gratia
2171 2141 2453 2194 Lincolnie

445 2228 716 2298 episcop0,
735 2228 995 2281 Officialis
1017 2229 1162 2282 curie
1184 2229 1474 2282 Cantuarie
1501 2231 1730 2282 salutem
1750 2230 1808 2281 in
1827 2229 2015 2281 salutis
2035 2235 2268 2281 auctore.
2345 2229 2455 2280 Sua

444 2313 602 2365 nobis
628 2322 941 2382 procurator
965 2313 1174 2366 abbatis
1200 2321 1256 2366 et
1280 2322 1580 2366 conventus
1608 2315 1674 2366 de
1704 2313 1885 2383 Burgo
1908 2312 2080 2365 sancti
2108 2312 2252 2364 Petri
2277 2319 2454 2365 vestre

449 2398 676 2451 diocesis
715 2399 983 2468 peticione
1010 2399 1334 2451 monstravit
1359 2399 1504 2468 quod
1531 2418 1655 2451 cum
1682 2398 1846 2450 iidem
1872 2397 2038 2449 abbas
2065 2404 2119 2448 et
2157 2405 2454 2449 conventus

450 2483 516 2535 ad
555 2484 832 2536 ecclesiam
871 2484 937 2536 de
968 2484 1241 2554 Cloptona
1278 2484 1420 2536 dicte
1447 2483 1677 2537 diocesis
1718 2490 2020 2547 vacantem,
2059 2489 2317 2551 tanquam
2344 2483 2456 2535 veri

450 2569 664 2638 patroni
690 2569 950 2638 ejusdem,
993 2569 1149 2622 vobis
1174 2570 1440 2622 Thomam
1470 2570 1535 2622 de
1567 2569 1791 2639 Deyvile
1816 2568 2177 2638 presbiterum
2203 2569 2456 2621 canonice

449 2662 883 2723 presentassent3
926 2673 987 2707 ac
1012 2654 1321 2708 Willelmus
1361 2655 1540 2708 dictus
1569 2655 1839 2724 Campiun
1868 2655 1934 2707 de
1959 2653 2348 2724 Yrtlingburgo
2389 2654 2456 2706 ad

450 2757 549 2793 vos
574 2739 778 2791 litteras
804 2739 1127 2809 apostolicas
1155 2758 1316 2809 super
1340 2741 1648 2810 provisione
1674 2741 1936 2810 ejusdem,
1962 2748 2025 2792 ut
2050 2740 2259 2803 asserit,
2284 2740 2456 2808 impe-

451 2830 680 2888 trasset3
724 2824 1043 2877 auctoritate
1071 2842 1297 2894 quarum
1340 2825 1444 2877 sibi
1477 2825 1701 2895 petebat
1724 2843 1823 2895 per
1846 2843 1945 2878 vos
1972 2824 2038 2877 de
2065 2824 2209 2876 dicta
2234 2823 2457 2877 ecclesia

451 2911 738 2981 provideri,
778 2929 844 2963 ex
883 2919 1035 2981 parte
1070 2911 1337 2964 dictorum
1378 2911 1587 2964 abbatis
1638 2919 1693 2963 et
1735 2919 2035 2964 conventus
2080 2928 2260 2963 coram
2299 2910 2455 2963 vobis

452 2997 700 3066 congruis
724 2997 844 3050 loco
870 3005 925 3050 et
967 3005 1211 3067 tempore
1254 2998 1358 3049 fuit
1401 2998 1718 3067 excipiendo
1744 2997 2104 3068 propositum,
2149 2998 2293 3066 quod
2333 3015 2456 3050 cum

454 3082 656 3134 eisdem
695 3082 958 3152 religiosis
1001 3102 1033 3135 a
1077 3084 1203 3136 sede
1241 3083 1538 3152 apostolica
1581 3090 1726 3135 esset
1765 3082 2039 3134 indultum
2081 3089 2145 3133 ut
2184 3082 2317 3134 nulli
2360 3100 2457 3151 per

453 3166 658 3219 litteras
707 3169 1031 3238 apostolicas
1081 3169 1168 3222 vel
1215 3170 1514 3239 legatorum
1564 3170 1807 3240 ejusdem
1859 3169 2001 3221 sedis
2042 3168 2335 3236 apostolice
2388 3168 2455 3219 de

456 3251 717 3305 beneficio
757 3255 1116 3308 ecclesiastico
1165 3256 1252 3308 vel
1300 3255 1562 3325 pensione
1611 3261 1898 3307 teneantur
1946 3253 2280 3322 aliquatenus
2330 3269 2455 3320 pro-

457 3336 656 3401 videre,
703 3338 809 3390 nisi
854 3339 914 3391 in
962 3340 1164 3393 eisdem
1212 3341 1404 3393 litteris
1455 3341 1522 3394 de
1570 3340 1783 3393 indulto
1831 3338 2146 3408 hujusmodi
2194 3338 2352 3406 plena
2401 3345 2456 3388 et

460 3439 712 3491 expressa
758 3424 966 3476 mencio
1015 3424 1310 3490 habeatur3
1354 3445 1415 3479 ac
1459 3427 1525 3479 de
1569 3426 1823 3478 mandato
1859 3426 2226 3477 Romanorum
2275 3429 2455 3490 ponti-
