2774 3952
452 381 483 426 6
982 393 1338 429 cnaomcoN
1380 394 1924 432 PETROBURGENSE.

270 521 419 559 Mccvi.
519 517 789 572 Robertus
816 519 980 572 abbas
1008 519 1256 571 Ramesie
1284 519 1589 589 deponitur.
1667 520 1860 571 Petrus
1877 519 1944 572 de
1966 519 2179 572 Roches
2200 519 2358 572 rediit
2379 520 2445 573 de

447 603 617 655 Roma
642 614 985 658 consecratus
1005 605 1062 656 in
1088 604 1404 674 episcopum
1431 602 1732 655 Wintonie.

253 686 416 726 Mcevii.
514 689 776 759 Magister
794 691 1100 761 Stephanus
1120 690 1186 742 de
1203 690 1519 759 Langetona
1544 695 1888 742 consecratur
1906 686 1962 738 in
1982 688 2446 758 archiepiscopum

443 773 748 828 Cantuarie.
825 776 1085 829 Monachi
1108 775 1398 828 Cantuarie
1437 775 1796 845 expelluntur.
1875 772 2149 826 Henricus
2175 792 2271 826 rex
2300 776 2445 827 filius

441 858 579 927 regis
597 859 635 911 J
638 860 866 912 ohannis
894 867 1053 912 natus
1080 868 1180 912 est.

240 947 421 986 Mecviii.
514 943 711 997 Sancta
747 945 991 998 Ecclesia
1027 945 1258 998 cessavit
1305 953 1527 1015 propter
1577 943 1796 997 exilium
1850 943 2090 1014 episcopi
2150 952 2204 997 et
2259 963 2447 998 mona-

441 1028 681 1082 chorum.

264 1120 417 1160 Mccix·
513 1114 755 1167 Scolares
805 1115 1065 1167 recedunt
1113 1115 1180 1166 ab
1233 1116 1465 1169 Oxonia.
1544 1117 1709 1185 Hugo
1759 1115 1826 1168 de
1877 1115 2083 1168 Welles
2133 1116 2308 1169 factus
2359 1125 2444 1170 est

438 1196 723 1269 episcopus
749 1199 1049 1252 Lincolnie.
1126 1200 1332 1253 Gentes
1360 1201 1640 1271 signantur
1664 1220 1826 1272 super
1850 1209 2069 1271 pectora
2095 1210 2283 1256 contra
2307 1203 2443 1256 Abi-

435 1302 645 1352 genseS.

273 1376 410 1416 Meex.
510 1370 663 1423 Obiit
688 1371 951 1424 Acharius
977 1371 1143 1424 abbas
1170 1373 1236 1425 de
1265 1373 1463 1442 Burg0.

257 1466 409 1505 Mcexi.
509 1458 595 1509 Ex
621 1476 776 1511 cerva
802 1459 1031 1528 quadam
1058 1478 1160 1528 que
1188 1476 1245 1511 se
1268 1458 1326 1509 in
1351 1458 1555 1510 flumen
1593 1476 1688 1527 pre
1714 1456 1955 1527 pariendi
1995 1458 2244 1527 angustia
2268 1461 2442 1530 preci-

435 1544 715 1613 pitaverat,
779 1553 1028 1599 exsectus
1093 1553 1177 1598 est
1243 1544 1501 1597 hinnulus
1557 1545 1665 1597 duo
1729 1544 1905 1614 capita
1968 1553 2022 1597 et
2084 1554 2207 1599 octo
2270 1549 2438 1618 pedes

435 1628 658 1681 habens,

242 1727 409 1768 Meexii.
510 1714 859 1768 Confluentes
889 1715 946 1766 in
984 1734 1155 1767 unum
1193 1733 1289 1784 per
1329 1715 1552 1768 Francie
1594 1714 1839 1767 civitates
1879 1715 2052 1785 pueri,
2093 1716 2435 1770 admirationi

95 1792 194 1845 (sol.
215 1795 317 1836 lxxi.
334 1795 410 1850 νο·)
434 1819 624 1870 magne
651 1800 1020 1870 spectantibus
1045 1803 1211 1854 fuere.
1268 1801 1627 1870 Quocumque
1649 1801 1793 1853 enim
1820 1800 2172 1868 diverterunt,
2199 1803 2437 1856 conflue-

432 1886 566 1939 bant
589 1887 758 1956 pueri,
785 1886 938 1957 quasi
975 1905 1085 1939 non
1121 1894 1348 1956 possent
1372 1905 1403 1938 a
1429 1887 1540 1938 suis
1566 1885 1754 1951 teneri,
1781 1886 1911 1955 quin
1937 1886 2163 1939 aliorum
2188 1905 2243 1939 se
2269 1887 2437 1939 comi-

431 1970 570 2023 tatui
594 1971 964 2040 adjungerent.
1038 1971 1288 2041 Denique
1328 1971 1565 2024 Parisius
1591 1971 1869 2024 dicebatur
1912 1989 2098 2024 eorum
2139 1972 2432 2025 multitudo

428 2056 497 2107 ad
523 2056 829 2125 quindecim
856 2055 1000 2106 milia
1026 2056 1293 2122 estimata,
1320 2075 1550 2127 quorum
1576 2057 1756 2109 nullus
1783 2056 2069 2108 duodenne
2107 2057 2278 2126 major
2303 2066 2433 2111 erat.

427 2141 693 2211 Requisiti
719 2149 900 2192 autem
926 2141 1054 2210 quid
1080 2142 1512 2212 proposuissent,
1537 2142 1805 2205 dicebant,
1831 2148 1895 2192 ut
1919 2142 2105 2206 fertur,
2134 2160 2190 2194 se
2217 2160 2429 2196 crucem

427 2227 632 2280 Christi
669 2235 1092 2296 recuperaturos,
1166 2229 1333 2297 Apud
1373 2228 1675 2280 Cadomum
1714 2228 1772 2278 in
1810 2227 2147 2279 Normannia
2171 2227 2320 2280 visus
2347 2236 2432 2281 est

428 2313 644 2383 sanguis
670 2314 892 2383 pluisse,
917 2313 988 2365 vi.
1024 2313 1148 2364 idus
1169 2312 1206 2365 J
1210 2312 1323 2378 ulii,
1349 2312 1422 2365 vi.
1448 2312 1596 2365 feria.
1673 2312 1886 2364 Eodem
1913 2311 1998 2364 die
2040 2312 2187 2382 apud
2224 2312 2431 2366 Faleise

426 2399 542 2451 vise
569 2405 698 2450 sunt
720 2405 830 2450 tres
851 2415 1034 2450 cruces
1062 2398 1130 2448 ad
1154 2396 1388 2449 invicem
1412 2397 1470 2448 in
1496 2414 1615 2449 aere
1643 2396 1797 2466 quasi
1821 2414 2078 2466 pugnare.
2155 2396 2223 2448 In
2260 2405 2431 2451 estate

427 2482 730 2537 Londoniis
757 2501 912 2535 casus
939 2482 1133 2534 accidit
1152 2480 1411 2533 mirabilis
1431 2488 1488 2533 et
1517 2481 1702 2533 durus,
1775 2482 2021 2533 Accensa
2063 2481 2208 2534 enim
2249 2482 2430 2536 subito

432 2568 656 2637 (subito)
687 2568 753 2620 ab
796 2568 1015 2620 australi
1056 2573 1207 2637 parte
1249 2565 1532 2619 Tamensis
1571 2565 1812 2618 fluminis
1853 2566 2068 2619 civitate
2109 2574 2165 2618 et
2207 2568 2431 2620 ecclesia

427 2654 582 2708 beate
619 2654 794 2707 Marie
837 2653 1220 2707 canonicorum
1263 2652 1330 2705 de
1367 2653 1601 2717 Suwerc,
1628 2670 1753 2705 cum
1782 2652 1851 2703 ad
1875 2651 2111 2704 incendii
2138 2652 2428 2706 extinccio-

426 2758 554 2792 nem
592 2739 681 2793 vel
725 2740 1094 2810 spectaculum
1132 2738 1428 2791 multitudo
1467 2738 1703 2790 maxima
1744 2744 1971 2807 pontem
2010 2738 2309 2804 transisset,
2336 2758 2428 2792 su-

425 2825 542 2878 bito
587 2844 712 2896 pars
756 2825 1079 2895 aquilonaris
1119 2831 1303 2877 austro
1344 2824 1509 2876 flante
1553 2823 1827 2893 coripitur,
1869 2823 2179 2892 volentique
2221 2825 2425 2893 populo

428 2910 520 2981 qui
544 2918 769 2981 pontem
793 2910 1077 2963 transierat
1100 2909 1271 2962 redire
1297 2908 1513 2962 obstitit
1536 2908 1694 2979 ignis.
1733 2907 2067 2978 Factumque
2093 2916 2177 2960 est
2212 2917 2293 2974 ut,
2317 2910 2425 2963 illis

426 3014 604 3049 moras
630 2995 991 3059 nectentibuS,
1018 2994 1183 3046 altera
1207 2993 1370 3046 etiam
1389 3012 1512 3064 pars
1538 2993 1722 3063 pontis
1739 2994 1862 3063 igne
1888 2993 2233 3063 coriperetur.
2310 2995 2425 3048 Sic-

427 3101 531 3152 que
556 3082 697 3135 inter
737 3082 874 3134 duos
900 3081 1051 3150 ignes
1085 3079 1267 3149 positi,
1294 3079 1707 3150 conprimebant
1733 3098 1790 3132 se
1820 3080 1889 3132 ad
1919 3080 2170 3145 invicem,
2203 3080 2282 3132 nil
2317 3081 2425 3134 nisi

426 3177 656 3223 mortem
682 3173 1074 3237 exspectantes·
1148 3165 1508 3219 Venientibus
1553 3174 1732 3219 autem
1775 3166 1842 3218 ad
1880 3184 2066 3218 eorum
2107 3185 2422 3220 succursum

425 3253 652 3307 navibus
678 3252 972 3317 nonnulliS,
1009 3259 1094 3304 tot
1120 3270 1176 3304 se
1201 3251 1489 3304 indiscrete
1522 3252 1880 3322 ingesserunt,
1905 3259 1967 3304 ut
1993 3251 2287 3304 submersis
2324 3271 2422 3304 na-

425 3340 581 3411 vigiis
631 3339 870 3395 universi
920 3338 1177 3411 perirent.
1287 3338 1556 3408 Factaque
1605 3357 1798 3410 magna
1854 3338 2011 3409 plaga
2058 3339 2113 3391 in
2165 3340 2416 3410 popuIOS,

2378 3563 2426 3597 Χ
