2774 3952
451 427 512 473 18
976 439 1326 474 ennomcoN
1360 439 1902 476 Parnonunonxsz.

445 565 796 634 publicarent.
874 565 996 617 Hoc
1021 565 1183 617 etiam
1221 583 1364 617 anno
1409 565 1592 617 statim
1622 573 1750 634 post
1793 566 2096 635 predictum
2137 566 2339 620 bellum
2377 567 2445 619 de

447 650 720 703 Evesham
748 650 928 702 seisita
947 651 1167 702 fuerunt
1185 651 1293 703 fere
1321 651 1502 702 omnia
1527 650 1765 701 maneria
1783 650 1941 702 istius
1969 651 2194 717 domus3
2216 654 2446 723 quedam

448 737 505 786 in
546 754 738 786 manus
780 735 984 787 domini
1027 735 1202 805 regis3
1247 736 1477 805 quedam
1503 735 1560 786 in
1604 753 1797 786 manus
1840 735 2046 787 domini
2072 736 2324 789 Edwardi
2352 739 2450 790 filii

454 821 535 872 sui
553 842 567 886 3
586 821 814 890 quedam
834 821 891 873 in
908 840 1100 873 manus
1121 821 1334 873 comitis
1354 821 1645 874 Glovernie
1663 842 1678 886 3
1700 821 1930 890 quedam
1950 821 2006 872 in
2027 840 2219 874 manus
2237 824 2452 875 comitis

452 907 801 959 Warrennie:
829 907 1057 976 quedam
1083 907 1139 958 in
1165 927 1357 959 manus
1379 908 1622 960 aliorum.
1664 907 1774 961 Qui
1791 907 2182 960 forisfacturam
2209 908 2452 960 omnium

450 991 717 1044 bonorum
760 991 1042 1044 mobilium
1101 999 1157 1044 et
1204 981 1564 1044 immobilium
1609 992 1992 1062 pretendentes
2042 1010 2141 1061 pro
2193 1010 2257 1044 eo
2308 994 2454 1063 quod

452 1077 616 1130 abbas
657 1095 723 1129 ex
749 1078 924 1130 edicto
960 1078 1090 1130 dicti
1119 1078 1352 1130 Comitis
1394 1078 1544 1130 misit
1584 1079 1729 1148 apud
1772 1078 2127 1130 Kinelwirthe
2169 1079 2454 1131 servicium

453 1181 612 1214 suum
662 1170 716 1214 et
763 1163 891 1214 alibi
949 1171 1135 1215 contra
1174 1163 1456 1216 dominum
1514 1181 1714 1232 regem,
1754 1171 1817 1215 ut
1860 1164 2182 1235 asserebant,
2239 1182 2455 1233 gravem

451 1247 886 1316 redempcionem
944 1248 1247 1317 exigebant.
1343 1249 1588 1302 Quarum
1646 1249 2090 1318 redempcionum
2141 1257 2196 1301 et
2235 1250 2458 1302 aliarum

455 1333 825 1384 extorsionum
869 1335 1150 1386 occasione
1190 1334 1332 1387 dicte
1356 1353 1546 1404 guerre
1580 1335 1905 1387 inflictarum
1934 1352 2163 1400 summa,
2191 1354 2459 1387 summam

456 1436 642 1470 .MMM.
685 1438 983 1471 marcarum
1042 1421 1350 1473 excedebat.
1429 1421 1602 1490 Cujus
1659 1421 1736 1472 rei
1795 1439 1955 1472 causa
1997 1421 2193 1472 domus
2234 1421 2338 1472 ista
2377 1439 2459 1473 re-

454 1505 655 1556 mansit
680 1506 853 1558 multo
879 1514 1123 1575 tempore
1146 1514 1273 1576 post
1298 1524 1384 1558 ere
1411 1507 1585 1559 alieno
1613 1524 1850 1575 opressa,
1877 1507 2001 1576 quia
2027 1507 2153 1559 dicti
2183 1514 2460 1575 magnates

457 1589 655 1642 dictam
697 1591 1133 1659 redempcionem
1178 1591 1294 1643 sine
1335 1591 1597 1643 dilacione
1632 1590 2042 1660 extorquebant.
2120 1591 2291 1643 Simili
2333 1591 2462 1642 lima

457 1692 646 1726 omnes
689 1683 800 1726 tam
843 1674 966 1727 laici
992 1694 1151 1744 quam
1198 1675 1392 1740 clerici,
1430 1694 1620 1728 omnes
1663 1676 1854 1745 prelati
1897 1684 2007 1727 tam
2036 1675 2275 1745 episcopi
2300 1694 2460 1745 quam

83 1779 188 1829 (sol.
206 1779 342 1817 lxxiae.
359 1775 434 1826 vo.)
458 1765 478 1826 l
494 1760 715 1812 abbates
731 1760 1007 1813 baroniam
1025 1770 1272 1813 tenentes
1291 1769 1786 1831 quantumcumque
1807 1761 1947 1830 parti
1969 1760 2199 1813 Comitis
2215 1762 2461 1814 faventes

460 1845 783 1898 tenebantur
809 1847 1031 1916 opressi.

165 1954 441 1991 Mocoeolxovio,
539 1932 661 1984 Hoc
706 1950 848 1984 anno
890 1933 1040 1984 nisus
1083 1933 1334 1985 dominus
1378 1951 1472 1985 rex
1513 1951 1636 1985 cum
1682 1932 1832 1985 omni
1870 1950 2031 2001 posse
2075 1950 2172 1984 suo
2217 1931 2467 2002 persequi

463 2018 833 2070 exheredatos
913 2019 1022 2073 Qui
1050 2019 1298 2071 videntes
1343 2019 1583 2089 undique
1623 2019 1727 2071 sibi
1753 2019 2064 2088 capcionem
2091 2019 2371 2071 imminere
2410 2027 2467 2070 et

461 2103 757 2168 interitum,
784 2122 850 2156 ex
891 2104 1040 2156 omni
1074 2113 1226 2174 parte
1260 2104 1454 2173 Anglie
1497 2111 1958 2173 congregaverunt
1996 2104 2281 2156 exercitus.
2358 2103 2469 2157 Qui

461 2189 700 2258 undique
727 2189 979 2242 debellati
1019 2197 1073 2242 et
1111 2190 1309 2242 devicti
1352 2208 1416 2242 eo
1443 2190 1588 2259 quod
1628 2208 1726 2259 per
1760 2190 1996 2242 diversas
2039 2198 2219 2259 partes
2259 2191 2472 2241 fuerant

465 2276 641 2340 divisi,
668 2271 884 2345 quidam
912 2276 978 2328 de
1004 2277 1298 2346 majoribus
1338 2277 1558 2328 tandem
1599 2277 1782 2346 adepti
1823 2284 1952 2328 sunt
1994 2276 2226 2327 insulam
2256 2276 2321 2328 de
2364 2275 2472 2340 Eli,

467 2372 521 2414 et
560 2362 838 2431 indigenas
880 2362 1056 2415 insule
1099 2364 1440 2432 expulerunt,
1490 2370 1767 2414 vastantes
1812 2371 1867 2415 et
1912 2363 2270 2432 depredantes
2318 2362 2472 2414 villas

468 2447 671 2499 vicinas
715 2455 770 2499 et
818 2447 895 2499 eis
944 2450 1257 2500 resistentes
1307 2449 1559 2500 incendio
1609 2449 1903 2513 tradenteS‚
1975 2467 2162 2500 eorum
2209 2448 2368 2500 bonis
2419 2456 2476 2500 et

472 2531 698 2582 aliorum
747 2530 979 2582 insulam
1023 2531 1161 2584 bene
1205 2532 1660 2585 instauraverunt.
1769 2533 1886 2584 Isto
1937 2533 2099 2583 etiam
2150 2550 2292 2584 anno
2337 2532 2475 2584 circa

473 2618 673 2668 festum
701 2617 873 2669 sancti
897 2617 935 2670 J
938 2618 1166 2669 ohannis
1194 2617 1442 2686 Baptiste
1469 2618 1694 2670 accessit
1720 2617 1971 2669 dominus
1992 2622 2084 2668 rex
2111 2618 2256 2685 apud
2284 2616 2474 2668 Kinel-

473 2703 678 2767 wirthe,
706 2711 941 2754 castrum
967 2709 1022 2754 et
1047 2710 1346 2755 castrenses
1391 2702 1743 2755 exheredatos
1775 2703 1976 2754 multos
2002 2702 2201 2754 ibidem
2229 2710 2475 2770 receptos

475 2788 856 2852 debellaturUS,
882 2805 1187 2840 convocans
1217 2787 1419 2841 ibidem
1457 2796 1637 2841 totum
1672 2788 1958 2840 servicium
1985 2787 2131 2857 quod
2170 2787 2219 2839 ei
2250 2785 2477 2839 debetur

475 2881 530 2925 et
555 2881 733 2925 toturn
758 2891 920 2943 posse
938 2891 1114 2938 suum,
1142 2873 1413 2925 affirmans
1435 2890 1492 2924 se
1517 2891 1794 2942 nunquam
1820 2872 1946 2924 inde
1971 2889 2280 2924 recessurus
2307 2871 2478 2925 donec

476 2966 715 3011 castrum
759 2958 1043 3029 optineret.
1153 2958 1324 3029 Cujus
1366 2958 1618 3012 custodes
1660 2957 1883 3010 viriliter
1927 2975 1983 3009 se
2028 2957 2379 3009 defendentes
2424 2966 2480 3010 et

476 3045 813 3114 frequentem
857 3043 1120 3112 impetum
1159 3044 1215 3095 in
1253 3044 1391 3113 regis
1427 3044 1719 3096 exercitum
1756 3043 2030 3107 facienteS‚
2055 3061 2333 3111 nunquam
2361 3061 2480 3094 sus-

476 3131 758 3182 tinuerunt
783 3129 1065 3181 dominum
1099 3147 1278 3199 regem
1318 3148 1442 3182 cum
1477 3130 1627 3182 omni
1664 3147 1826 3199 posse
1854 3147 1953 3180 suo
1980 3136 2035 3180 et
2077 3147 2199 3180 cum
2226 3128 2479 3180 omnibus

477 3215 741 3268 machinis
788 3215 898 3267 suis
942 3214 1149 3267 bellicis
1201 3215 1440 3284 spacium
1489 3215 1651 3267 unius
1694 3215 1849 3284 pedis
1892 3214 2030 3265 infra
2070 3221 2242 3265 metas
2293 3231 2480 3265 eorum

477 3302 772 3372 adquirere.
832 3299 1078 3353 Accessit
1097 3300 1258 3352 etiam
1284 3300 1486 3354 ibidem
1514 3301 1768 3353 dominus
1795 3301 2032 3370 Legatus
2060 3308 2171 3352 tam
2199 3299 2266 3351 de
2291 3316 2480 3350 recon-

478 3387 750 3441 ciliacione
792 3404 978 3440 eorum
1005 3404 1167 3456 quam
1193 3386 1420 3440 aliorum
1447 3387 1894 3440 exheredatorum
1921 3393 2264 3439 tractaturuS.
2335 3384 2482 3438 Con-
