2774 3952
88 753 234 791 Caucio
253 754 432 803 indemp-

87 807 221 844 nitatis
238 808 414 857 magistri

85 859 229 909 Rogeri
248 861 298 898 de

83 913 271 953 Rowelle.

85 2464 187 2515 (fol.
209 2467 314 2506 cviii.
340 2470 423 2520 νο.)

81 2541 202 2578 Anno
221 2543 398 2581 Domini.

80 2594 252 2633 M⁰.c⁰c⁰.
273 2596 389 2634 Octo-

76 2649 225 2698 gesimo
240 2655 395 2698 quarto.

980 462 1330 500 CHRONICON
1373 466 1917 503 PETROBURGENSE.
2384 457 2452 503 99
2493 494 2497 498 .

453 583 707 654 magister
737 586 978 655 Rogerus
1018 590 1285 658 quandam
1326 591 1714 662 obligacionem
1747 593 1875 646 fecit
1912 592 2133 645 domino
2172 591 2353 644 abbati
2397 601 2452 653 et

454 672 748 723 conventui
773 673 867 724 tali
892 681 1079 727 tenore
1097 694 1186 726 :—

527 755 846 809 Venerande
871 758 1140 827 religionis
1165 759 1298 821 vim,
1335 760 1555 812 domino
1603 760 1872 812 Richardo
1907 761 2014 813 Dei
2057 760 2226 830 gratia
2269 760 2451 812 abbati

456 839 522 891 de
565 841 748 910 Burgo
794 842 966 895 sancti
1010 843 1174 906 Petri,
1224 851 1280 896 et
1323 844 1566 913 ejusdem
1610 845 1715 897 loci
1755 845 2047 898 conventui
2088 846 2332 914 Rogerus
2384 845 2450 896 de

456 926 786 978 Rothewelle
805 927 942 996 juris
967 927 1247 996 utriusque
1273 928 1546 996 professor
1572 928 1802 981 salutem
1829 947 1952 981 cum
1979 929 2129 982 omni
2148 929 2451 981 reverencia

451 1018 506 1062 et
548 1011 769 1064 honore.
846 1011 1109 1066 Quamvis
1160 1012 1438 1081 puplicum
1483 1011 1556 1064 sit
1605 1019 1660 1065 et
1707 1013 1984 1066 notorium
2033 1013 2329 1066 Ecclesiam
2382 1014 2449 1067 de

453 1095 748 1166 Keteringa
767 1096 1047 1150 Lincolnie
1074 1097 1320 1162 diocesiS,
1335 1098 1502 1150 vestri
1521 1106 1860 1167 patronatuS,
1879 1099 1947 1150 ad
1974 1117 2134 1169 quam
2155 1117 2241 1151 me
2267 1099 2448 1151 divine

451 1181 686 1234 caritatis
711 1182 913 1234 intuitu
936 1182 1230 1235 reverendo
1270 1182 1328 1234 in
1364 1182 1583 1236 Christo
1621 1183 1779 1253 patri,
1806 1184 2026 1236 domino
2065 1183 2284 1236 Olivero
2316 1183 2448 1235 Lin-

452 1266 624 1320 colnie
662 1266 933 1336 episcopo,
975 1267 1081 1320 loci
1124 1267 1410 1319 diocesano
1460 1285 1632 1336 nuper
1671 1269 2022 1338 presentastis
2073 1287 2169 1338 per
2217 1276 2448 1322 mortem

451 1349 722 1418 quondam
773 1350 979 1403 domini
1027 1352 1342 1405 Emanuelis
1393 1353 1459 1404 de
1511 1353 1680 1406 Sauro
1719 1354 1898 1406 ultimi
1941 1354 2162 1406 rectoris
2204 1354 2447 1423 ejusdem

450 1436 670 1488 ecclesie
687 1436 968 1489 manifeste
984 1454 1204 1501 vacare3
1242 1437 1309 1488 ad
1335 1455 1553 1489 omnem
1580 1440 1760 1491 tamen
1786 1439 2064 1491 materiam
2091 1438 2448 1490 dubitacionis

449 1528 506 1572 et
530 1528 707 1572 metus
732 1521 955 1590 periculi
979 1529 1072 1573 aut
1097 1522 1336 1592 dampni,
1364 1523 1511 1592 quod
1547 1523 1604 1575 in
1642 1523 1743 1575 hac
1774 1531 1927 1592 parte
1954 1523 2167 1592 concipi
2209 1522 2450 1592 potuerit

448 1612 541 1656 aut
582 1592 1039 1675 qualitercumque
1083 1607 1390 1676 excogitari,
1415 1607 1628 1676 plenius
1667 1607 2086 1676 amputandam,
2133 1607 2251 1675 Ego
2295 1614 2450 1658 motu

447 1709 569 1745 meo
594 1691 832 1761 propri0‚
853 1699 1066 1761 sponte,
1091 1710 1224 1761 pure
1250 1700 1306 1745 et
1342 1692 1607 1757 absolute,
1632 1692 1760 1744 licet
1797 1710 1865 1743 ex
1901 1691 2255 1756 habundanti,
2282 1692 2449 1744 offero

448 1785 504 1831 et
526 1777 787 1848 promitto
814 1795 900 1829 me
919 1795 1018 1830 vos
1043 1777 1100 1829 in
1127 1796 1345 1830 omnem
1366 1785 1619 1830 eventum
1647 1779 1714 1830 ab
1753 1777 1902 1830 omni
1927 1777 2184 1847 periculo,
2211 1778 2447 1846 dampno

446 1871 502 1917 et
537 1864 766 1933 jactura,
810 1881 912 1932 que
951 1870 1006 1914 et
1045 1881 1204 1932 quam
1242 1881 1501 1932 processu
1541 1864 1801 1934 temporis
1845 1882 1942 1933 per
1985 1881 2352 1933 quoscumque
2396 1871 2451 1914 et

445 1949 697 2018 precipue
740 1966 838 2018 per
880 1948 1112 2018 aliquem
1136 1948 1221 2001 vel
1249 1947 1474 2017 aliquos,
1499 1948 1634 2012 vice,
1660 1947 1899 2012 nomine,
1925 1948 2013 2000 vel
2049 1965 2116 2000 ex
2140 1955 2292 2017 parte
2319 1947 2449 2000 dicti

446 2034 760 2086 Emanuelis
787 2034 991 2086 dudum
1019 2041 1314 2086 memorate
1340 2034 1579 2098 ecclesie,
1620 2041 1683 2085 ut
1718 2033 2030 2103 predicitur,
2064 2033 2304 2098 rectoriS,
2345 2033 2446 2085 sub

449 2137 785 2188 quocumque
823 2120 1017 2182 colore,
1045 2119 1325 2171 occasione
1364 2119 1505 2170 dicte
1537 2118 1961 2188 presentacionis
2000 2118 2067 2170 de
2091 2136 2179 2170 me
2203 2118 2341 2170 facte
2365 2118 2449 2170 in-

450 2222 659 2257 currere
684 2203 934 2273 possetis,
955 2222 1051 2256 seu
1077 2204 1143 2256 de
1168 2204 1329 2268 facto,
1350 2204 1492 2273 quod
1511 2203 1670 2269 absit,
1685 2203 1910 2255 forsitan
1925 2203 2239 2267 incurretis3
2266 2203 2446 2255 illesos

450 2296 507 2340 et
544 2289 863 2358 indempnes
909 2307 1120 2359 semper
1162 2308 1223 2342 ac
1260 2290 1498 2341 totaliter
1525 2296 1879 2341 servaturum.
1954 2290 2031 2340 Et
2054 2298 2117 2341 ut
2141 2290 2447 2359 expressius

451 2373 657 2440 dicam3
698 2375 947 2444 dampna,
975 2375 1020 2426 si
1046 2394 1149 2444 qua
1174 2375 1310 2427 forte
1337 2382 1588 2444 pretextu
1614 2375 1858 2444 ejusdem
1884 2375 2306 2444 presentacionis
2327 2393 2445 2427 mee

451 2459 906 2529 qualitercumque
933 2460 1095 2512 modo
1123 2460 1189 2511 de
1205 2461 1345 2511 facto
1365 2459 1730 2523 incurreritis3
1758 2459 1824 2511 de
1850 2463 2008 2524 lmeo
2034 2460 2445 2524 resarciturum3

449 2553 506 2598 et
528 2545 685 2598 vobis
730 2563 890 2614 super
922 2544 1126 2597 eisdem
1165 2544 1414 2613 dampnis
1451 2543 1688 2613 plenarie
1729 2544 2130 2595 satisfacturum
2171 2544 2271 2596 sub
2305 2562 2446 2613 pena

447 2650 542 2684 .cc‚
567 2631 823 2684 librarum
863 2631 1261 2699 sterlingorum,
1287 2630 1355 2681 ad
1381 2647 1543 2698 quam
1586 2629 1742 2681 vobis
1788 2629 1832 2682 si
1874 2629 2261 2694 committatur,
2300 2630 2445 2699 quod

446 2717 619 2782 absit3
661 2735 760 2786 pro
785 2724 966 2769 vestro
1009 2716 1270 2768 interesse
1312 2715 1369 2767 in
1411 2715 1515 2767 hoc
1558 2733 1687 2767 casu
1729 2732 1817 2766 me
1859 2721 2040 2784 preter
2075 2715 2444 2784 juramentum

446 2821 628 2856 meum
669 2802 959 2872 corporale,
990 2801 1135 2871 quod
1180 2818 1342 2870 super
1385 2800 1528 2853 dicta
1567 2799 1924 2870 promissione
1951 2818 2070 2851 mea
2093 2799 2323 2852 fideliter
2348 2800 2444 2852 ob-

447 2888 707 2943 servanda
722 2909 737 2952 3
769 2888 926 2941 vobis
947 2887 1014 2939 ad
1041 2894 1226 2939 sancta
1242 2886 1348 2938 Dei
1362 2886 1578 2956 prestiti
1604 2885 1890 2954 ewangelia
1906 2893 2237 2954 spontaneus
2265 2884 2444 2954 obligo

444 2974 783 3044 presencium
809 2981 1014 3026 tenore.
1091 2972 1370 3024 Subiciens
1409 2971 1632 3040 insuper
1656 2989 1742 3022 me
1775 2970 2140 3039 jurisdictioni
2166 2978 2221 3022 et
2258 2971 2444 3023 coher-

441 3060 587 3112 cioni
613 3060 996 3128 cujuscumque
1017 3057 1214 3127 judicis
1253 3056 1507 3109 ordinarii
1548 3075 1643 3108 seu
1684 3056 1930 3126 delegati,
1956 3074 2114 3125 quem
2139 3074 2237 3108 vos
2262 3055 2320 3106 in
2345 3057 2446 3109 hac

445 3152 596 3213 parte
640 3144 899 3196 duxeritis
938 3143 1262 3212 eligendum,
1306 3150 1370 3193 ut
1410 3141 1726 3210 hujusmodi
1763 3142 1932 3211 judex
1973 3160 2004 3192 a
2042 3140 2197 3194 vobis
2223 3141 2444 3205 electUS,

447 3235 666 3280 ostenso
693 3228 794 3280 sibi
818 3229 1180 3282 instrumento
1205 3227 1464 3297 presenti,
1489 3235 1653 3298 prout
1691 3227 1999 3297 requisierit
2035 3227 2199 3295 hujus
2240 3225 2447 3293 negocii

445 3321 638 3365 natura
654 3333 669 3377 3
685 3313 842 3366 unica
850 3313 1149 3366 monitione
1165 3322 1287 3366 octo
1306 3313 1513 3365 dierum
1524 3320 1737 3364 tantum
1748 3312 2007 3381 premissa
2024 3333 2038 3376 3
2056 3312 2122 3362 ad
2134 3310 2445 3362 solvendam

447 3398 604 3451 vobis
646 3397 942 3466 predictam
984 3399 1270 3467 pecuniam
1314 3399 1669 3451 ducentarum
1708 3398 1967 3449 librarum
2025 3396 2244 3463 nomine
2280 3394 2446 3464 vestri
