2774 3952
480 442 583 505 174
1316 458 1652 494 APPENDIX.

527 585 608 624 Sed
625 586 747 623 abbas
764 585 791 623 J
794 585 971 624 ohannes
989 585 1145 623 volebat
1163 589 1294 623 totum
1313 585 1475 625 habere.

528 654 660 703 Roger
678 653 880 691 Marmiun
902 654 960 692 .ii.
981 654 1142 692 milites·

528 721 650 759 Wido
669 722 719 759 de
738 722 985 760 Waltervilla
1002 735 1074 772 pro
1092 727 1197 760 terra
1216 734 1337 771 quam
1355 725 1466 760 tenet
1490 721 1533 758 in
1554 720 1752 759 Overtone
1781 724 1822 758 et
1850 720 1894 757 in
1922 719 2027 769 Torp
2046 719 2141 758 facit
2168 719 2334 770 plenum
2365 720 2485 758 servi-

471 790 575 828 tium
594 790 714 827 unius
731 790 882 828 militis.
942 788 1015 838 (In
1033 790 1210 839 different
1227 788 1334 841 ink.)

528 859 650 908 Hugo
669 859 719 896 de
739 859 940 896 Euremou
961 859 1034 897 .iii.
1054 859 1168 896 hidas
1186 859 1228 895 in
1248 858 1426 896 dominio
1454 862 1494 896 et
1516 857 1598 896 .vii.
1618 858 1780 894 bovatas
1807 857 1852 894 in
1879 857 2186 906 Lincolneseira,
2204 860 2245 894 et
2271 857 2391 895 servit
2413 869 2486 906 pro

473 927 533 965 .ii.
554 925 792 965 militibus.*

525 1112 550 1134 ‘³‘
578 1112 703 1150 These
720 1112 821 1150 later
838 1112 1048 1150 insertions
1061 1124 1129 1150 are
1144 1125 1196 1150 on
1208 1113 1288 1150 this
1301 1125 1402 1162 page
1416 1112 1590 1150 z—Over
1609 1113 1634 1132 “
1644 1111 1790 1161 Rogeri
1805 1112 1856 1148 de
1868 1110 2081 1157 Luvetot,”
2100 1111 2124 1130 “
2135 1110 2331 1147 Ricardus
2348 1122 2485 1159 nepos,

469 1181 575 1218 filius
587 1181 736 1218 scilicet
750 1180 899 1229 Nigelli
918 1182 957 1227 ;”
975 1181 1056 1217 and
1075 1181 1117 1217 in
1136 1181 1204 1218 the
1223 1181 1393 1230 margin,
1413 1182 1437 1201 “
1449 1181 1646 1230 Cloptune
1665 1181 1750 1217 sine
1768 1179 1932 1216 servicio
1951 1180 2107 1216 tenet.”
2153 1178 2204 1215 In
2222 1174 2291 1216 the
2309 1179 2480 1228 margin,

468 1249 603 1286 beside
622 1249 646 1269 “
658 1248 836 1297 Rogerus
849 1249 900 1285 de
913 1248 1128 1295 Luvetot‚''
1148 1250 1172 1268 “
1184 1248 1379 1285 Ricardus
1392 1249 1607 1286 Luvetot.''
1647 1247 1752 1285 Over
1766 1248 1791 1267 “
1803 1246 1920 1283 Eudo
1936 1246 2146 1296 Dapifer,''
2168 1248 2194 1267 ‘⁶
2205 1246 2324 1284 Hane
2335 1250 2482 1284 terram

465 1320 576 1354 tenet
590 1315 816 1354 Willelmus
830 1316 880 1353 de
899 1316 1107 1354 Humez.'’
1161 1316 1268 1354 Over
1286 1318 1311 1337 “
1322 1317 1501 1354 Rodbert
1516 1317 1566 1353 de
1579 1316 1703 1363 Olli,''
1721 1316 1746 1336 “
1759 1319 1872 1364 pater
1891 1314 2106 1352 Henrici.''
2160 1314 2211 1351 In
2229 1314 2298 1351 the
2311 1314 2482 1374 margin,

465 1383 724 1421 “Oilli.—-In
753 1382 986 1421 Craneford.
1043 1382 1161 1420 Hanc
1193 1387 1304 1421 tenet
1323 1383 1521 1420 Radulfus
1540 1383 1591 1420 de
1620 1382 1770 1420 Andeli
1787 1384 1827 1429 ;''
1853 1383 1934 1420 and
1963 1383 2091 1419 below
2118 1382 2144 1402 “
2159 1382 2245 1419 sine
2272 1382 2483 1419 servicio.''

461 1453 487 1472 “
497 1451 671 1489 Avenel:
692 1451 768 1488 hoo
782 1450 946 1488 feodum
961 1455 1070 1488 tenet
1083 1450 1222 1488 Simon
1237 1450 1419 1489 Basset.”
1449 1451 1593 1488 Beside
1609 1451 1634 1470 “
1645 1450 1843 1488 Robertus
1858 1451 2076 1498 Marmiun,
2086 1450 2128 1487 in
2141 1450 2393 1497 Pokebroe‚”
2404 1451 2429 1470 “
2440 1453 2480 1487 et

461 1520 722 1570 Langhetone
737 1524 777 1557 et
789 1519 1036 1569 Prestgrave,
1052 1523 1092 1557 et
1105 1518 1372 1569 Fillingleche
1386 1519 1429 1556 in
1444 1519 1655 1557 Ardene.''
1685 1519 1830 1556 Beside
1849 1521 1874 1540 “
1885 1520 2012 1569 Hugh
2024 1520 2074 1556 de
2087 1519 2337 1566 Euremou‚''
2351 1518 2394 1554 in
2407 1518 2478 1556 the

459 1587 630 1636 margin,
651 1584 834 1623 “Wac.''
853 1585 976 1635 Hugo
997 1585 1205 1623 Candidus
1224 1586 1358 1623 writes
1375 1598 1418 1623 as
1437 1586 1606 1632 follows,
1628 1585 1675 1623 P.
1700 1583 1751 1625 57
1769 1587 1863 1624 z-“
1878 1585 2282 1624 Luvetot.—Primus
2300 1585 2480 1635 Rogerus

460 1657 511 1693 de
531 1655 714 1692 Luvetot.
771 1653 913 1692 Haeres
941 1653 1090 1702 Nigelli
1121 1654 1171 1691 de
1200 1654 1371 1692 Luvetot
1397 1658 1508 1692 tenet
1527 1654 1647 1691 feoda
1665 1654 1842 1691 duorum
1860 1655 2036 1692 militum
2054 1655 2097 1690 in
2117 1654 2480 1701 Norhamtonsoire‚

458 1724 609 1762 scilicet
626 1723 669 1759 in
689 1722 895 1772 Cloptone,
918 1721 1196 1770 Catteworthe,
1217 1723 1492 1771 Kynesthorpe
1511 1727 1551 1759 et
1570 1722 1791 1760 Pokebroc.
1850 1723 1931 1760 Iste
1960 1723 1998 1759 N
2001 1722 2143 1771 igellus
2162 1722 2273 1759 dedit
2291 1721 2477 1759 Galfrido

457 1791 572 1829 fratri
603 1803 674 1828 suo
706 1794 829 1827 terras
860 1790 966 1828 istas.
1037 1790 1118 1836 Qui
1151 1790 1359 1828 Galfridus
1391 1803 1472 1828 non
1504 1791 1616 1828 dedit
1652 1791 1859 1837 relevium,
1890 1791 2000 1827 unde
2035 1791 2154 1828 dictae
2186 1795 2303 1828 terrae
2332 1790 2474 1828 seisitae

458 1859 623 1896 fuerunt
641 1859 684 1895 in
701 1870 824 1894 manu
843 1858 997 1895 abbatis
1009 1870 1081 1906 per
1094 1858 1312 1907 judicium,
1330 1871 1402 1908 pro
1417 1859 1576 1896 defectu
1595 1858 1758 1896 servitii.
1817 1858 1979 1896 Mortuo
1998 1858 2067 1895 illo
2086 1857 2270 1896 Galfrido
2288 1858 2475 1895 successit

457 1926 620 1963 feodum
638 1925 740 1962 illud
758 1925 887 1962 tribus
913 1925 1125 1972 sororibus,
1145 1938 1316 1974 quarum
1335 1926 1566 1975 homagium
1585 1930 1624 1963 et
1637 1926 1830 1963 relevium
1849 1938 1930 1963 non
1951 1926 2100 1974 recepit
2119 1927 2255 1972 abbas,
2277 1926 2372 1974 quia
2390 1937 2472 1963 non

458 1993 535 2031 fuit
553 1993 797 2030 satisfactum
816 1993 867 2030 de
885 1993 1014 2042 primo
1033 1993 1193 2031 relevio.
1253 1993 1452 2030 Robertus
1472 1994 1523 2031 de
1547 1993 1759 2041 Flemenk,
1791 1994 1978 2031 dominus
2009 1994 2061 2031 de
2091 1993 2310 2040 Pokebroc,
2341 1994 2474 2031 tenuit

457 2061 500 2098 in
521 2061 741 2108 Pokebroc,
763 2061 1053 2110 Kynesthorpe‚
1074 2065 1113 2099 et
1132 2061 1327 2110 Cloptone
1347 2062 1397 2098 de
1416 2066 1553 2099 saneta
1571 2065 1677 2098 terra
1695 2061 1859 2099 feodum
1877 2062 1999 2098 unius
2028 2061 2168 2099 militis
2187 2067 2227 2098 et
2245 2061 2473 2108 dimidium,

457 2134 497 2168 et
515 2130 672 2168 tertiam
692 2129 887 2166 decimam
915 2133 1069 2178 partem
1088 2129 1210 2166 unius
1236 2129 1374 2166 militis
1405 2130 1456 2167 de
1489 2129 1570 2166 illis
1600 2129 1650 2167 de
1681 2129 1867 2168 Luvetot.
1924 2128 2130 2167 Walterus
2161 2129 2269 2166 filius
2302 2128 2473 2167 Walteri

455 2198 588 2236 tenuit
599 2198 804 2235 residuum
816 2197 866 2234 de
879 2197 1027 2234 eisdem
1042 2197 1084 2233 in
1095 2195 1323 2235 Catworthe
1338 2213 1349 2245 3
1367 2198 1452 2247 ipso
1465 2202 1637 2245 mortuo,
1651 2198 1840 2236 successit
1850 2198 1888 2235 ei
1897 2197 2100 2236 Walterus
2112 2198 2163 2235 de
2172 2197 2352 2245 Grisneto‚
2362 2197 2469 2235 filius

456 2267 598 2305 sororis
608 2266 731 2315 ipsius
745 2265 930 2313 Walteri,
948 2266 1019 2314 qui
1033 2269 1180 2302 terram
1199 2266 1431 2315 praedictam
1451 2278 1661 2315 nunquam
1679 2267 1867 2315 optinuit,
1880 2266 1976 2315 quia
1992 2266 2020 2304 J
2023 2267 2199 2304 ohannes
2218 2267 2268 2303 de
2287 2266 2470 2303 Vallibus

456 2347 580 2384 nepos
596 2334 659 2371 vel
677 2338 869 2383 cognatus
897 2333 1020 2382 ipsius
1039 2333 1210 2371 Walteri
1238 2334 1499 2384 implacitavit
1526 2335 1648 2372 istum
1668 2334 1895 2372 Walterum
1914 2334 1957 2371 in
1986 2335 2100 2372 curia
2129 2334 2281 2371 domini
2296 2334 2399 2383 regis
2418 2334 2469 2371 de

457 2403 565 2440 dieta
582 2406 700 2449 terra,
732 2405 772 2439 et
790 2402 866 2438 hoc
885 2401 1037 2439 factum
1057 2406 1115 2439 est
1143 2413 1337 2439 consensu
1358 2405 1397 2438 et
1415 2401 1622 2439 voluntate
1650 2401 1774 2450 ipsius
1794 2400 1979 2448 Walteri,
1999 2401 2095 2452 quia
2113 2401 2195 2450 ipse
2215 2401 2307 2438 odio
2326 2401 2468 2439 habuit

456 2481 629 2506 sororem
643 2481 769 2516 suam,
780 2469 945 2516 scilicet,
959 2473 1128 2506 matrem
1144 2469 1315 2506 Walteri
1329 2468 1379 2505 de
1392 2467 1559 2506 Grisneto
1579 2468 1735 2517 nepotis
1749 2467 1811 2505 sui
1829 2482 1840 2514 ;
1867 2472 1907 2505 et
1921 2468 2071 2505 factum
2089 2471 2148 2505 est
2160 2468 2468 2518 chirographum

457 2536 562 2573 inter
580 2548 644 2572 eos
662 2536 705 2572 in
724 2536 836 2572 curia
854 2536 1007 2572 domini
1026 2537 1143 2585 regis,
1162 2536 1238 2573 hoc
1257 2540 1408 2583 tenore,
1427 2536 1593 2582 scilicet,
1614 2535 1817 2573 Walterus
1834 2535 1941 2572 filius
1960 2534 2130 2572 Walteri
2147 2538 2301 2573 teneret
2320 2537 2468 2574 dictam

457 2609 605 2643 terram
636 2607 720 2641 tota
755 2604 837 2640 vita
873 2615 968 2642 sua:
1012 2609 1101 2653 post
1138 2605 1294 2642 obitum
1327 2616 1420 2642 vero
1453 2616 1572 2641 suum
1603 2615 1691 2641 eam
1728 2603 1893 2641 haberet
1926 2607 1966 2640 et
2001 2607 2155 2640 teneret
2181 2603 2209 2642 J
2212 2604 2386 2642 ohannes
2418 2607 2469 2644 de

458 2672 653 2719 Vallibus,
671 2671 704 2708 si
740 2671 990 2725 contingeret
1022 2683 1115 2708 eum
1135 2672 1361 2709 Walterum
1386 2672 1515 2709 filium
1545 2671 1714 2710 Walteri
1742 2672 1845 2710 mori
1875 2671 1961 2710 sine
1991 2671 2137 2708 herede
2168 2672 2219 2709 de
2255 2684 2309 2711 se.
2387 2673 2468 2711 Iste

459 2740 663 2778 Walterus
693 2739 801 2777 filius
821 2739 990 2777 Walteri
1011 2740 1163 2789 juravit
1180 2751 1313 2777 coram
1333 2740 1496 2776 domino
1516 2740 1567 2778 R.
1588 2741 1733 2776 abbate
1753 2740 1862 2788 quod
1880 2740 2136 2788 responderet
2153 2752 2225 2788 pro
2244 2740 2322 2777 illis
2339 2741 2467 2778 donec

457 2808 726 2847 satisfacerent
745 2808 797 2846 ei.
828 2807 877 2846 P.
899 2807 967 2846 62.
1007 2808 1070 2845 De
1089 2807 1455 2856 Oyli.—Henricus
1474 2807 1524 2844 de
1544 2806 1634 2856 oyli
1653 2811 1763 2844 tenet
1781 2807 1944 2843 feodum
1963 2807 2084 2844 unius
2101 2807 2239 2844 militis
2257 2808 2299 2844 in
2320 2808 2464 2845 Crane-

457 2876 584 2924 forde,
602 2876 878 2926 Cotinghame,
899 2880 939 2913 et
958 2875 1179 2914 Mideltone
1195 2889 1204 2914 ε
1239 2876 1344 2914 hanc
1363 2880 1510 2913 terram
1528 2878 1640 2913 tenet
1660 2874 1858 2912 Radulfus
1877 2874 1927 2911 de
1946 2874 2125 2911 Aundeli
2144 2889 2154 2920 ;
2181 2879 2221 2912 et
2238 2874 2467 2915 Willelmus

458 2945 510 2982 de
524 2945 718 2993 Aubeney
737 2944 886 2982 dedicit
903 2957 1032 2981 unum
1051 2944 1312 2993 quarterium.
1327 2951 1367 2982 et
1384 2944 1495 2982 aliud
1513 2943 1622 2991 facit,
1641 2947 1681 2980 et
1695 2942 1797 2980 illud
1819 2942 1989 2979 debetur
2002 2942 2052 2979 de
2068 2942 2291 2981 Carletone.
2325 2944 2373 2982 P.
2396 2944 2463 2983 61.

458 3013 522 3051 De
537 3012 727 3050 Avenilli.
785 3012 943 3050 Primus
962 3012 1190 3050 Willelmus
1208 3013 1376 3050 Avenel.
1434 3013 1576 3051 Haeres
1595 3011 1779 3049 Avenelli
1802 3014 1913 3048 tenet
1931 3010 2092 3047 feodum
2110 3011 2231 3048 unius
2258 3012 2394 3050 militis
2422 3014 2466 3050 in

457 3081 719 3131 Irtlingburc‚
737 3085 776 3118 et
787 3081 882 3118 inde
893 3082 1119 3130 respondet,
1132 3082 1244 3119 unde
1258 3081 1456 3119 Robertus
1475 3081 1611 3118 Basset
1623 3084 1733 3118 tenet
1747 3091 1876 3116 unum
1895 3079 2156 3127 quarterium.
2188 3079 2236 3118 P.
2258 3079 2325 3119 58.
2357 3081 2465 3119 Mar-

457 3149 827 3189 mioun.—-Primus
845 3149 1042 3186 Robertus
1060 3149 1278 3186 Marmiun.
1338 3149 1535 3186 Robertus
1569 3148 1800 3186 Marmioun
1817 3152 1928 3186 tenet
1949 3147 2066 3185 feoda
2086 3149 2211 3186 trium
2230 3150 2404 3188 militum
2424 3156 2464 3189 et

458 3219 671 3258 dimidium
689 3218 732 3256 in
750 3217 1137 3264 Norhamtonescire,
1169 3217 1319 3254 scilicet
1348 3217 1391 3253 in
1422 3217 1666 3266 Langetone,
1700 3216 1921 3263 Pokebroc‚
1942 3217 2155 3254 dimidium
2187 3218 2336 3266 militis,
2362 3223 2402 3257 et
2421 3220 2464 3256 in

459 3287 755 3325 Leicestrescire
768 3287 933 3334 scilicet,
950 3286 1205 3335 Prestegrave
1223 3299 1234 3332 3
1261 3289 1300 3323 et
1319 3285 1360 3321 in
1381 3284 1670 3332 Warwicscire,
1688 3284 1850 3332 scilicet,
1870 3284 2070 3334 Filingele
2084 3298 2177 3322 cum
2195 3287 2460 3335 pertinentiis.

459 3355 655 3405 Filingele
673 3359 732 3393 est
759 3358 880 3404 caput
906 3354 1126 3392 tenementi
1156 3352 1265 3402 quod
1292 3352 1490 3390 Robertus
1522 3352 1751 3389 Marmioun
1783 3357 1894 3390 tenet
1926 3353 1976 3390 de
2008 3354 2151 3391 abbate
2183 3354 2234 3391 de
2263 3355 2399 3403 Burgo
2418 3355 2460 3391 in

454 3424 651 3472 Arderne,
665 3424 716 3462 ad
731 3424 839 3473 quod
853 3423 1055 3473 pertinent
1074 3422 1214 3472 Leyre,
1229 3426 1270 3460 et
1289 3420 1583 3469 Smmkertone,
1599 3424 1639 3459 et
1653 3420 1866 3459 Odestone.
1926 3421 1979 3459 Et
1997 3421 2204 3460 sciendum
2218 3422 2327 3473 quod
2348 3422 2459 3460 Hen-
