2774 3952
1280 473 1609 509 APPEme.
2341 459 2476 531 181,-

443 612 596 651 wenge,
617 604 658 638 et
684 599 929 639 Godefridus
956 600 1006 638 de
1035 599 1219 639 Cambrei
1237 605 1361 640 tenet.
1423 600 1618 640 Bercham
1637 603 1677 638 et
1696 599 1739 637 in
1758 598 1859 638 Stou
1881 598 1953 637 .iii.
1987 599 2150 637 bovatas
2178 598 2221 635 in
2254 598 2446 637 dominio.

445 668 640 706 Bercham
662 667 749 706 .iiii.
771 672 994 706 carrucatas
1012 679 1151 718 socage
1176 668 1228 706 de
1259 672 1364 706 terra
1393 667 1578 706 Haldene
1611 671 1651 705 et
1677 667 1786 717 jacet
1804 666 1856 703 ad
1876 665 2071 705 witham.
2129 664 2228 702 Stou
2249 665 2293 703 .i.
2314 677 2448 703 carru-

444 829 558 867 Idem
575 830 698 866 abbas
715 831 825 866 tenet
842 827 885 864 in
905 826 1175 876 Messingham
1203 826 1366 864 feodum
1385 826 1507 864 unius
1536 826 1675 864 militis
1708 827 1759 864 de
1792 827 1955 865 domino
1989 827 2106 876 Regi.
2164 826 2381 864 Fulbertus
2399 826 2450 863 de

445 897 577 935 Dovre
594 900 702 935 tenet
719 895 823 933 illud
842 895 892 933 de
919 907 978 933 eo.
1036 894 1152 932 Idem
1169 895 1293 932 abbas
1320 899 1431 933 tenet
1463 895 1506 932 in
1541 893 1719 944 Hultorp
1750 894 1934 943 quintam
1962 899 2117 944 partem
2149 895 2269 932 unius
2297 894 2449 931 militis,

445 966 642 1004 Robertus
667 965 718 1002 de
750 962 907 1002 Hazebi
939 967 1049 1002 tenet
1080 963 1183 1000 illud
1216 963 1267 1001 de
1298 975 1360 1002 6ο.
1417 963 1533 1000 Idem
1564 964 1688 1000 abbas
1718 967 1829 1001 tenet
1860 962 1903 1000 in
1937 962 2107 1001 Scottun
2138 963 2302 1001 feodum
2333 962 2453 999 unius

443 1034 582 1072 militis
599 1038 640 1072 et
669 1033 832 1072 terciam
864 1036 1019 1082 partem
1048 1032 1155 1070 feodi
1183 1032 1304 1069 unius
1333 1031 1486 1071 militis.
1544 1031 1743 1070 Robertus
1775 1032 1826 1070 de
1856 1031 2014 1070 Nevilla
2044 1037 2155 1071 tenet
2184 1032 2286 1069 illud
2319 1032 2369 1069 de
2389 1043 2449 1069 eo.

446 1100 561 1139 Idem
578 1102 700 1138 abbas
717 1104 827 1138 tenet
845 1100 889 1137 in
909 1099 1076 1138 Claham
1095 1099 1258 1137 feodum
1278 1099 1436 1136 dimidii
1454 1099 1605 1138 militis.
1658 1099 1855 1138 Robertus
1874 1099 1925 1137 de
1943 1099 2138 1138 Melletun
2157 1104 2267 1138 tenet
2282 1100 2383 1136 illud
2402 1099 2453 1136 de

445 1182 506 1209 eo.
564 1168 817 1220 Wapentake
842 1169 894 1206 de
923 1168 1106 1206 Lauress.
1153 1167 1380 1215 Fiskerton,
1401 1169 1524 1205 abbas
1557 1168 1608 1205 de
1644 1167 1780 1218 Burgo
1814 1172 1925 1205 tenet
1955 1180 2087 1206 socam
2119 1168 2161 1205 in
2193 1168 2370 1205 dominio
2403 1168 2453 1205 de

447 1240 609 1277 domino
638 1239 738 1289 Regi
766 1239 818 1276 de
843 1238 965 1276 veteri
992 1237 1259 1276 feoffamento.
1318 1236 1461 1274 Under
1492 1237 1560 1275 the
1579 1237 1680 1274 later
1704 1237 1971 1286 inquisitione,
1998 1235 2120 1274 taken
2147 1239 2343 1284 pursuant
2370 1239 2412 1272 to
2429 1246 2454 1272 a

448 1308 538 1346 writ
568 1307 696 1345 tested
715 1311 757 1344 at
786 1305 1065 1345 Westminster
1093 1304 1117 1343 9
1150 1305 1387 1352 December,
1409 1301 1461 1344 27
1482 1304 1592 1343 Hen.
1621 1303 1703 1343 III.
1725 1302 1847 1352 1242,
1868 1305 1911 1341 in
1936 1304 2005 1342 the
2033 1303 2182 1341 several
2200 1302 2455 1352 wapentakes

447 1376 492 1413 of
525 1375 718 1423 Holland,
763 1375 977 1421 Kesteven,
1011 1374 1093 1411 and
1131 1372 1318 1422 Lindsey,
1363 1372 1474 1410 these
1511 1373 1657 1411 entries
1694 1384 1816 1410 occur
1851 1385 1894 1410 as
1930 1377 1972 1410 to
2007 1372 2076 1410 the
2112 1376 2273 1409 tenures
2309 1370 2354 1408 of
2385 1371 2454 1409 the

448 1442 603 1479 Abbots
613 1441 657 1480 of
665 1440 980 1490 Peterborough.
1028 1439 1080 1478 In
1099 1440 1168 1478 the
1182 1438 1417 1489 wapentake
1428 1439 1471 1477 of
1480 1437 1642 1487 Kirto'n,
1658 1437 1854 1485 Holland,
1871 1438 2180 1488 Quedhavering
2191 1437 2455 1487 (Quadring),

448 1514 489 1547 et
508 1510 742 1560 Dodington
764 1507 1058 1558 (Donington),
1076 1507 1213 1545 Abbas
1241 1507 1291 1545 de
1321 1507 1458 1557 Burgo
1484 1508 1605 1546 habet
1627 1508 1670 1544 in
1704 1507 1852 1545 eisdem
1870 1507 1975 1544 villis
2010 1507 2084 1545 .iii.
2105 1510 2308 1544 carucatas
2334 1510 2453 1552 terre,

449 1581 489 1614 et
516 1577 559 1613 in
589 1574 837 1614 Gosberkirk
867 1571 1126 1624 (Gosberton)
1149 1574 1192 1611 in
1220 1573 1475 1612 elemosinam
1503 1574 1553 1611 de
1585 1574 1691 1612 dono
1719 1573 1886 1611 Comitis
1906 1571 2250 1624 (Richemondie).
2307 1572 2358 1609 In
2388 1572 2456 1609 the

448 1641 682 1691 wapentake
700 1641 744 1679 of
761 1641 964 1679 Beltisloe.
1009 1640 1222 1678 Kesteven.
1262 1639 1519 1690 Ossegotteby
1537 1638 1808 1690 (Ingoldsby).
1848 1638 2055 1677 Galfridus
2073 1639 2124 1676 de
2149 1638 2330 1687 Seymart
2348 1642 2458 1676 tenet

450 1710 492 1747 in
523 1709 780 1759 Ossegotteby
812 1708 863 1746 de
880 1708 997 1746 feodo
1018 1708 1173 1745 abbatis
1201 1708 1251 1745 de
1271 1708 1408 1757 Burgo
1436 1708 1518 1745 duo
1550 1708 1668 1745 feoda
1695 1708 1871 1746 militum
1897 1720 1980 1746 uno
2012 1707 2213 1756 quarterio
2243 1708 2377 1745 minus
2408 1708 2459 1745 de

448 1781 684 1826 conquestu,
722 1780 762 1814 et
793 1776 901 1813 idem
929 1776 1052 1812 abbas
1081 1775 1132 1812 de
1165 1775 1328 1813 domino
1361 1774 1473 1825 Rege
1505 1775 1548 1812 in
1581 1776 1724 1825 capite.
1780 1775 2004 1814 Sunestede
2025 1773 2325 1828 (Swinestead).
2355 1776 2459 1814 Item

449 1843 620 1882 Thomas
638 1844 688 1882 de
707 1843 950 1881 Staudeford
965 1846 1075 1881 tenet
1093 1843 1136 1880 in
1155 1842 1377 1881 Sunestede
1395 1843 1480 1882 .xii.
1500 1847 1655 1893 partem
1673 1844 1794 1881 unius
1816 1844 1954 1881 militis
1973 1844 2023 1881 de
2042 1844 2255 1881 heredibus
2275 1843 2462 1894 Hugonis

451 1912 595 1960 Wake,
625 1917 666 1951 et
689 1913 765 1962 ipsi
795 1913 846 1950 de
874 1913 1018 1950 abbate
1044 1912 1095 1949 de
1122 1912 1272 1962 Burgo,
1299 1917 1338 1949 et
1365 1913 1487 1949 abbas
1513 1912 1564 1949 de
1589 1912 1751 1949 domino
1782 1912 1891 1961 Rege
1916 1912 1958 1948 in
1990 1913 2119 1961 capite
2149 1913 2199 1950 de
2226 1918 2459 1961 conquestu.

453 1979 624 2028 Wyham
646 1977 885 2029 (Witham).
933 1978 1192 2016 Baldewinus
1210 1979 1260 2016 de
1291 1979 1489 2016 Brencurt
1507 1982 1617 2015 tenet
1643 1978 1687 2014 in
1708 1977 1879 2027 Wyham
1899 1978 1987 2017 .iiii.
2007 1982 2161 2027 partem
2179 1979 2300 2017 unius
2323 1980 2462 2018 militis

452 2048 503 2085 de
521 2048 736 2085 heredibus
755 2047 806 2084 de
836 2046 1025 2096 Hugonis
1053 2046 1174 2093 Wak,
1194 2051 1234 2084 et
1252 2046 1328 2095 ipsi
1345 2047 1510 2084 heredes
1528 2046 1579 2083 de
1602 2047 1746 2083 abbate
1765 2047 1815 2084 de
1849 2046 1986 2096 Burgo
2007 2051 2046 2084 et
2072 2047 2194 2084 abbas
2222 2047 2272 2085 de
2297 2048 2460 2086 domino

454 2116 564 2165 Rege
580 2116 630 2152 de
649 2119 887 2165 conquestu.
945 2114 1050 2152 Item
1070 2115 1201 2151 David
1221 2115 1273 2152 de
1293 2114 1464 2164 Wyham
1483 2119 1594 2153 tenet
1612 2115 1761 2152 ibidem
1780 2119 1932 2152 sextam
1951 2119 2104 2164 partem
2119 2115 2240 2154 unius
2257 2117 2395 2154 militis
2408 2117 2459 2155 de

454 2183 637 2222 Galfrido
656 2183 707 2220 de
730 2183 880 2230 Brune,
900 2186 940 2220 et
958 2183 1066 2220 idem
1086 2181 1139 2220 G.
1157 2183 1207 2219 de
1226 2183 1369 2220 abbate
1388 2183 1439 2219 de
1453 2181 1606 2232 Burgo,
1621 2187 1661 2220 et
1672 2183 1778 2220 idem
1793 2184 1914 2220 abbas
1927 2183 1977 2220 de
1993 2183 2042 2222 Β.
2059 2188 2105 2221 ut
2119 2196 2252 2232 supra.
2292 2184 2458 2233 Careby.

454 2251 720 2300 Rannulphus
739 2251 790 2288 de
819 2250 971 2299 Careby
989 2255 1099 2288 tenet
1117 2251 1160 2287 in
1181 2251 1334 2300 Careby
1352 2251 1433 2288 duo
1452 2251 1568 2288 feoda
1594 2251 1770 2289 militum
1799 2252 1850 2289 de
1878 2251 2026 2290 herede
2050 2250 2236 2301 Hugonis
2257 2252 2399 2300 Wake,
2421 2258 2462 2292 et

452 2319 560 2357 idem
570 2320 684 2357 heres
698 2319 748 2357 de
762 2320 906 2357 abbate
921 2319 971 2357 de
988 2320 1139 2369 Burgo,
1153 2324 1193 2357 et
1206 2319 1314 2356 idem
1324 2320 1446 2356 abbas
1458 2319 1509 2357 de
1524 2318 1575 2357 B.
1592 2324 1638 2357 ut
1649 2332 1783 2369 supra.
1815 2319 1999 2358 Creeton.
2031 2320 2227 2358 Ricardus
2240 2321 2290 2358 de
2302 2321 2461 2358 Lindon

453 2391 563 2425 tenet
581 2387 623 2424 in
643 2387 791 2424 Creton
812 2387 871 2425 .ii.
892 2391 1025 2436 partes
1044 2387 1166 2425 unius
1184 2387 1321 2424 militis
1340 2387 1391 2424 de
1410 2386 1589 2424 Waltero
1609 2387 1660 2424 de
1680 2386 1882 2434 Oolevilla,
1903 2392 1942 2425 et
1959 2387 2026 2426 W.
2043 2388 2093 2425 de
2112 2388 2258 2426 herede
2278 2387 2465 2438 Hugonis

456 2455 599 2502 Wake,
619 2459 658 2493 et
677 2455 785 2493 idem
803 2456 917 2493 heres
931 2456 982 2493 de
1000 2457 1144 2493 abbate
1163 2456 1214 2493 de
1231 2456 1380 2505 Burgo,
1395 2459 1434 2492 et
1452 2456 1574 2492 abbas
1593 2455 1643 2492 de
1658 2456 1820 2493 domino
1835 2455 1944 2505 Rege
1959 2456 2009 2494 de
2023 2461 2258 2505 conquestu.
2289 2456 2464 2506 Wapen-

455 2523 549 2562 take
567 2523 611 2560 of
626 2523 740 2560 Ness.
796 2522 969 2571 Turleby
986 2519 1216 2573 (Thurlby).
1255 2521 1393 2559 Abbas
1407 2521 1457 2559 de
1478 2522 1615 2572 Burgo
1633 2526 1743 2561 tenet
1755 2523 1797 2560 in
1810 2523 1984 2573 Turleby
1998 2524 2078 2561 duo
2097 2524 2212 2562 feoda
2229 2524 2403 2562 militum
2421 2525 2463 2561 in

455 2592 584 2641 capite
603 2592 653 2629 de
671 2591 834 2629 domino
854 2591 962 2640 Rege
982 2591 1033 2628 de
1052 2591 1176 2628 veteri
1194 2590 1459 2638 feoffamento‚
1487 2591 1598 2629 unde
1618 2590 1825 2629 Galfridus
1857 2592 1908 2629 de
1926 2592 1966 2629 la
1995 2592 2107 2630 Mare
2125 2597 2235 2630 tenet
2253 2593 2465 2630 dimidium

455 2660 617 2698 feodum
632 2664 671 2697 et
687 2659 884 2697 Robertus
897 2659 1004 2697 filius
1023 2659 1188 2696 Roberti
1203 2659 1418 2696 dimidium
1432 2659 1610 2697 feodum.
1669 2659 1844 2710 Deping,
1862 2660 2035 2698 Berham
2052 2660 2299 2712 (Barholm),
2314 2661 2462 2700 Stowe.

457 2728 560 2766 Item
579 2727 718 2765 eadem
735 2727 763 2764 J
766 2727 925 2764 ohanna
946 2725 1116 2776 (Wake)
1137 2730 1246 2763 tenet
1258 2726 1300 2762 in
1313 2726 1464 2763 eisdem
1482 2727 1586 2764 villis
1605 2727 1655 2764 de
1673 2728 1818 2765 abbate
1837 2727 1887 2764 de
1907 2727 2056 2777 Burgo,
2077 2733 2116 2766 et
2134 2729 2256 2766 abbas
2274 2729 2316 2766 in
2336 2730 2466 2778 capite

455 2796 507 2834 de
525 2796 687 2834 domino
707 2796 816 2845 Rege
837 2796 888 2832 de
907 2795 1030 2832 veteri
1055 2794 1322 2832 feoffamento.
1382 2794 1501 2832 Unde
1521 2794 1652 2844 Wydo
1673 2795 1802 2833 Wake
1821 2795 2002 2833 feoffatus
2022 2801 2079 2834 est
2098 2796 2148 2833 de
2167 2797 2332 2834 dimidio
2351 2797 2466 2834 feodo

455 2865 593 2902 militis
603 2869 644 2902 et
658 2864 894 2913 Radulphus
905 2863 956 2900 de
968 2862 1158 2912 Wasprey
1173 2866 1212 2900 et
1224 2862 1406 2900 Andreas
1425 2863 1475 2900 de
1492 2863 1664 2912 Byrham
1679 2863 1729 2900 de
1744 2864 1909 2901 dimidio
1924 2864 2055 2902 feodo.
2087 2864 2137 2901 In
2149 2865 2217 2902 the
2235 2865 2415 2902 counties
2426 2864 2470 2902 of

457 2931 721 2980 Nottingham
739 2931 820 2968 and
839 2930 976 2978 Derby
994 2930 1027 2967 is
1045 2930 1123 2967 this
1142 2934 1256 2979 entry
1270 2931 1364 2968 :—“
1381 2930 1639 2968 Baldewinus
1658 2931 1708 2968 de
1727 2931 1884 2969 Panton
1898 2936 2008 2969 tenet
2022 2932 2064 2968 in
2085 2932 2215 2970 North
2229 2932 2464 2983 Muschamp

458 2999 671 3036 dimidium
682 2999 845 3036 feodum
859 2999 998 3036 militis
1009 2999 1059 3036 de
1073 2998 1190 3035 feodo
1204 2998 1358 3035 abbatis
1373 2998 1423 3035 de
1440 2998 1622 3047 Burgo.''
1651 2999 1701 3035 In
1720 2999 1788 3037 the
1799 3004 1947 3048 county
1961 2999 2005 3037 of
2018 3000 2325 3050 Northampton‚
2337 3001 2468 3038 under

459 3067 569 3104 these
589 3067 812 3114 hundreds,
841 3068 867 3087 “
886 3066 1124 3112 Pokesbroc,
1153 3065 1382 3114 Navisford,
1411 3065 1665 3114 Hokeslawe,
1688 3066 2024 3115 Suthnaveslond,
2054 3068 2398 3106 Northnaveslond
2428 3074 2467 3106 et

462 3133 610 3171 Nassus
625 3134 796 3184 Burgi.'‘
850 3135 946 3172 This
958 3138 1071 3183 entry
1084 3134 1178 3172 :--“
1194 3133 1331 3171 Feoda
1348 3134 1543 3172 forinseca
1560 3135 1748 3182 militum,
1764 3147 1843 3184 que
1854 3140 1948 3174 sunt
1962 3136 2068 3174 infra
2081 3137 2302 3174 libertatem
2316 3136 2470 3173 abbatis

462 3202 513 3239 de
533 3202 684 3251 Burgo,
706 3206 746 3240 et
764 3214 846 3240 non
864 3207 1054 3240 tenentur
1083 3203 1126 3239 in
1152 3203 1282 3251 capite
1301 3203 1352 3240 de
1370 3204 1528 3242 abbate.
1587 3204 1760 3241 Nomina
1778 3205 2011 3242 tenencium
2029 3205 2070 3241 in
2090 3205 2219 3253 capite
2238 3205 2287 3241 de
2307 3204 2469 3242 domino

465 3270 572 3318 Rege
586 3268 629 3304 in
642 3269 814 3305 Baronia
826 3269 868 3306 in
889 3269 1288 3308 Norhamtoniescira.
1328 3269 1466 3307 Abbas
1482 3270 1608 3320 Burgi
1627 3275 1736 3309 tenet
1751 3271 1793 3308 in
1808 3272 1936 3320 eapite
1949 3283 2020 3319 per
2033 3271 2147 3307 feoda
2163 3270 2264 3308 .lxx.
2281 3270 2466 3308 militum.

464 3335 674 3372 Auxilium
706 3335 950 3384 prelatorum
982 3348 1212 3375 concessum
1245 3337 1408 3375 domino
1440 3338 1540 3388 Regi
1572 3339 1624 3376 ad
1657 3339 1926 3377 maritandum
1955 3350 2127 3376 sororem
2158 3350 2270 3375 suam
2290 3338 2468 3376 Romano

464 3404 735 3453 imperatori.''
789 3403 885 3441 This
901 3403 968 3441 aid
988 3416 1068 3441 was
1085 3406 1256 3443 assessed
1281 3410 1323 3443 at
1356 3411 1434 3444 two
1454 3407 1588 3444 marks
1606 3420 1630 3444 a
1648 3408 1718 3444 fief
1748 3408 1876 3444 under
1894 3419 1918 3443 a
1939 3407 2027 3443 writ
2046 3407 2090 3443 of
2112 3407 2179 3444 the
2207 3406 2320 3455 king,
2341 3407 2467 3444 tested
