2774 3952
510 398 612 446 128
1039 408 1395 446 cunomcoN
1424 409 1970 446 PETROBURGENSE.

506 535 684 588 tachio
748 534 1063 589 Maleberbe
1127 535 1395 606 Bur-gensi
1457 533 1872 598 Norhamtonie‚
1935 551 2098 602 quare
2153 552 2278 587 cum
2341 535 2506 588 iidem

504 620 796 689 burgenses
824 620 990 690 quieti
1034 638 1152 673 esse
1179 620 1412 673 debeant
1455 626 1510 672 et
1552 619 1814 671 hactenus
1860 617 2030 686 quieti
2070 619 2397 673 exstiterunt
2439 621 2506 673 de

503 706 755 759 theloneo
780 725 876 776 per
900 714 1077 759 totum
1106 725 1326 776 regnum
1353 706 1534 775 Regis,
1560 705 1723 758 iidem
1751 702 1937 756 Abbas
1963 710 2019 755 et
2043 703 2228 757 ballivi
2254 706 2338 758 sui
2361 724 2506 758 nunc

503 790 725 860 exigunt
785 792 852 844 ab
902 793 1092 845 eodem
1142 792 1438 845 Eustachio
1482 791 1797 843 theloneum
1847 806 1944 859 pro
1993 789 2344 842 mercandisis
2394 791 2504 849 suis

501 877 906 930 transeuntibus
932 896 1029 948 per
1072 878 1312 939 medium
1339 877 1507 946 Burgi
1552 875 1725 929 sancti
1753 875 1917 939 Petri,
1961 881 2017 927 et
2058 874 2243 944 ipsum
2269 893 2331 928 ea
2356 894 2507 928 occa-

501 962 651 1015 sione
678 964 763 1015 die
790 965 1079 1017 Dominica
1116 965 1362 1034 proxima
1404 971 1532 1033 post
1573 963 1774 1014 festum
1802 960 1974 1013 sancti
2014 960 2319 1026 Michaelis,
2363 980 2505 1015 anno

499 1047 649 1116 regni.
694 1047 855 1117 Regis
895 1067 1041 1101 nunc
1079 1067 1168 1101 xv.
1197 1048 1634 1111 devadiaverunt,
1675 1054 1731 1099 et
1772 1046 1929 1100 vadia
1970 1064 2066 1098 sua
2108 1046 2308 1116 injuste
2333 1047 2508 1100 adhuc

500 1132 744 1184 detinent
768 1140 831 1185 ut
856 1133 1003 1198 dicit,
1048 1142 1103 1186 et
1139 1135 1284 1186 unde
1309 1134 1454 1186 idem
1479 1132 1808 1186 Eustachius
1849 1132 2077 1201 protulit
2120 1151 2300 1185 coram
2339 1134 2507 1186 Baro-

498 1217 658 1269 nibus
685 1225 884 1270 cartam
911 1219 1117 1271 domini
1144 1219 1369 1271 Henrici
1413 1219 1596 1288 RegiS,
1621 1218 1788 1288 patris
1817 1218 1979 1287 Regis
2005 1237 2166 1283 nunc,
2207 1237 2303 1288 per
2343 1238 2505 1289 quam

496 1303 642 1355 idem
668 1303 920 1355 dominus
948 1304 1065 1355 Rex
1092 1303 1361 1356 concessit
1398 1304 1545 1373 quod
1586 1303 1750 1355 iidem
1776 1302 2070 1371 burgenses
2097 1305 2264 1373 quieti
2291 1304 2400 1357 sint
2439 1305 2506 1357 de

498 1388 751 1440 theloneo
779 1394 833 1440 et
857 1387 1082 1458 lastagio
1108 1406 1206 1457 per
1231 1395 1405 1440 totam
1437 1387 1709 1456 Angliam,
1735 1394 1791 1439 et
1815 1396 2006 1456 portus
2031 1387 2211 1441 maris,
2286 1390 2373 1441 De
2399 1408 2505 1458 quo

497 1473 714 1542 quidem
758 1474 1010 1526 theloneo
1051 1474 1312 1526 hactenus
1353 1472 1522 1543 quieti
1565 1471 1866 1525 extiterunt
1907 1491 2079 1543 usque
2105 1474 2174 1526 ad
2217 1474 2360 1527 diem
2385 1493 2505 1544 pre-

498 1558 721 1624 dictum,
747 1578 854 1629 quo
881 1559 966 1611 die
993 1559 1169 1612 dictus
1197 1559 1383 1611 Abbas
1406 1566 1461 1611 et
1482 1558 1666 1611 ballivi
1693 1558 1776 1610 sui
1801 1558 2117 1611 theloneum
2144 1559 2211 1611 ab
2238 1578 2302 1612 eo
2329 1561 2506 1629 exige-

497 1651 625 1696 runt
667 1652 722 1697 et
769 1663 867 1713 pro
923 1645 1177 1696 theloneo
1221 1662 1319 1714 per
1361 1643 1726 1697 extorsionem
1769 1644 2191 1696 devadiaverunt
2233 1645 2302 1697 ad
2343 1664 2503 1714 grave

499 1729 795 1798 dampnum
821 1737 922 1782 etc.
950 1738 1005 1783 et
1029 1731 1134 1782 hoc
1159 1737 1379 1800 paratus
1406 1737 1490 1782 est
1512 1728 1788 1782 verificare
1815 1729 2044 1797 qualiter
2069 1736 2171 1782 etc.

571 1816 646 1867 Et
668 1816 943 1886 predictus
970 1815 1134 1868 abbas
1159 1834 1258 1886 per
1281 1816 1501 1868 fratrem
1527 1814 1867 1867 Willelmum
1893 1814 1959 1867 de
1980 1814 2312 1868 Wodeforde
2338 1823 2504 1868 attor-

495 1908 685 1953 natum
712 1920 872 1953 suum
897 1901 1048 1954 venit
1087 1909 1142 1953 et
1181 1901 1311 1953 dicit
1336 1901 1483 1970 quod
1517 1900 1721 1952 nullam
1747 1900 1998 1969 injuriam
2025 1899 2074 1952 ei
2099 1901 2241 1966 fecit,
2267 1920 2332 1954 eo
2359 1902 2504 1972 quod

494 1985 703 2039 invenit
727 1986 1006 2039 ecclesiam
1025 2005 1176 2038 suam
1199 1985 1438 2039 seisitam
1458 1986 1525 2038 de
1544 1984 1844 2037 Theolonio
1869 1984 2133 2054 predictO,
2153 1993 2266 2038 tam
2292 1987 2357 2039 de
2383 2007 2504 2057 pre-

496 2071 652 2124 dictis
698 2070 1069 2142 Burgensibus
1103 2090 1262 2141 quam
1290 2072 1356 2124 de
1397 2069 1651 2124 omnibus
1696 2069 1812 2122 aliis
1840 2088 1963 2122 cum
2004 2072 2352 2124 mercandisis
2394 2073 2504 2126 suis

494 2175 592 2226 per
634 2158 873 2210 medium
910 2157 1092 2227 Burgi
1135 2157 1361 2227 predicti
1403 2155 1828 2209 transeuntibus·
1903 2155 2055 2208 Dicit
2092 2156 2315 2226 insuper
2357 2160 2504 2228 quod

496 2243 742 2313 Edgarus
770 2245 888 2295 Rex
911 2243 1106 2313 Anglie
1131 2261 1228 2312 per
1253 2250 1455 2295 cartam
1482 2261 1653 2307 suam,
1680 2260 1841 2311 quam
1884 2248 2017 2294 tunc
2043 2243 2283 2295 ostendit
2323 2262 2502 2297 coram

496 2330 822 2395 BaronibUS,
849 2330 1118 2383 concessit
1142 2329 1346 2382 Abbati
1372 2329 1503 2382 dicti
1527 2328 1632 2381 loci
1663 2335 1719 2380 et
1757 2327 2157 2381 successoribus
2184 2329 2294 2380 suis
2320 2329 2505 2384 Abba-

495 2415 641 2468 tibus
666 2417 1039 2469 Theoloneum
1075 2415 1298 2479 ibidem,
1342 2422 1397 2468 et
1440 2434 1471 2467 a
1510 2423 1753 2483 tempore
1780 2414 2023 2483 ejusdem
2061 2421 2172 2466 tarn
2197 2415 2314 2484 ipse
2340 2434 2503 2486 quam

494 2500 901 2569 predecessores
947 2499 1031 2551 sui
1090 2499 1333 2552 Abbates
1385 2499 1515 2551 dicti
1563 2498 1668 2551 loci
1737 2497 1909 2550 seisiti
1973 2499 2195 2551 fuerunt
2255 2506 2368 2551 tarn
2436 2500 2503 2552 de

495 2584 807 2636 Theoloneo
836 2583 1199 2652 predictorum
1227 2583 1590 2652 Burgensium
1637 2601 1798 2651 quam
1838 2582 2066 2634 aliorum
2105 2585 2502 2637 transeuntium

494 2687 592 2738 per
630 2669 870 2732 medium
896 2669 1139 2737 ejusdem
1166 2668 1335 2736 Burgi
1375 2686 1498 2719 curn
1524 2666 1873 2718 mercandisis
1902 2667 2012 2718 suis
2057 2675 2112 2720 et
2154 2668 2330 2720 adhuc
2357 2677 2503 2734 sunt,

494 2764 550 2808 et
591 2756 696 2809 hoc
739 2755 934 2825 petivit
969 2754 1258 2818 verificare,
1285 2760 1340 2805 et
1381 2752 1520 2822 petit
1557 2750 1824 2822 judicium
1851 2752 1897 2803 si
1940 2759 2084 2804 carta
2111 2753 2273 2822 Regis
2300 2754 2501 2824 Edgari

494 2841 688 2894 debeat
734 2840 991 2893 infirmari
1029 2857 1124 2910 per
1173 2846 1374 2891 cartam
1415 2836 1577 2906 Regis
1620 2835 1863 2900 Henrici,
1906 2837 2073 2905 patris
2118 2838 2282 2907 Regis
2332 2858 2500 2892 nunc.

498 2926 646 2979 Dicit
694 2926 856 2979 etiam
904 2925 1050 2977 idem
1099 2923 1265 2976 abbas
1316 2924 1382 2976 de
1423 2923 1607 2990 Burgo
1649 2920 1819 2973 sancti
1871 2921 2034 2987 Petri,
2085 2923 2231 2992 quod
2281 2924 2498 2994 quidam

496 3011 686 3064 Simon
731 3011 797 3063 de
836 3011 1041 3063 Sancto
1079 3008 1250 3071 Lici0‚
1301 3026 1481 3062 comes
1526 3006 1940 3070 Norhamtonie,
1984 3007 2160 3060 tenuit
2203 3009 2500 3077 predictam

493 3097 675 3149 villam
715 3097 782 3149 de
809 3096 1029 3148 domino
1058 3096 1221 3163 Rege,
1247 3102 1302 3146 et
1326 3093 1599 3146 Dominus
1634 3091 1737 3145 fuit
1779 3092 2022 3161 ejusdem
2047 3093 2189 3157 ville,
2217 3112 2499 3164 quousque

492 3182 734 3253 predicta
781 3181 908 3235 villa
956 3179 1149 3233 cecidit
1187 3180 1244 3231 in
1285 3197 1451 3231 manu
1496 3178 1702 3231 domini
1753 3177 1935 3247 Regis,
1985 3186 2244 3248 tanquam
2289 3188 2501 3233 escaeta

492 3269 720 3339 predicti
764 3267 970 3320 domini
1011 3265 1191 3335 Regis,
1235 3272 1290 3318 et
1332 3265 1436 3318 hoc
1475 3272 1694 3334 paratus
1735 3271 1819 3316 est
1857 3263 2147 3330 verificare,
2199 3266 2498 3318 secundum

495 3355 640 3423 quod
693 3354 856 3407 Curia
906 3351 1320 3406 consideraverit
1335 3372 1350 3417 3
1390 3369 1549 3420 quam
1601 3350 1817 3420 quidem
1860 3350 2280 3405 verificationem
2321 3350 2497 3404 dictus
