2774 3952
109 2391 382 2430 M⁰c⁰c⁰lxvii⁰.

118 2898 384 2942 Moeoolxviii0.

935 372 1288 409 cunomcoN
1324 375 1865 411 pn'raossunomvsn.
2344 364 2409 410 19

398 494 613 547 vocavit
662 512 881 548 omnem
946 497 1181 563 clerum3
1244 507 1298 551 et
1342 500 1596 552 dominus
1647 519 1741 554 rex
1796 518 1864 553 ex
1908 500 2026 570 ejus
2068 500 2408 554 ordinacione

398 597 616 632 omnem
642 581 938 650 populum3
980 584 1239 653 eligentes
1267 603 1333 637 ex
1359 585 1500 638 clero
1527 594 1583 638 et
1621 586 1825 655 populo
1851 585 1943 637 xii.
1970 584 2114 638 viros
2148 586 2407 639 discretos

399 672 455 717 et
493 673 743 735 potentes
771 667 862 736 qui
908 669 973 720 de
1013 670 1398 723 reformacione
1443 670 1590 740 pacis
1634 670 1776 722 inter
1817 670 2094 723 dominum
2138 690 2315 741 regem
2355 679 2411 722 et

399 751 752 804 exheredatos
803 761 1110 819 tractarent,
1165 755 1669 824 compromittentes
1720 756 2047 809 unanimiter
2103 766 2164 809 ut
2221 776 2406 809 eorum

401 835 605 888 dictum
656 836 845 890 stabile
894 848 1249 907 permaneret.
1342 839 1454 893 Qui
1498 840 1787 910 quamdam
1837 842 2064 895 formam
2118 861 2279 912 super
2327 861 2409 895 re-

401 921 720 991 dempcione
758 930 1020 975 terrarum
1050 942 1269 976 suarum
1307 925 1363 976 in
1410 925 1623 995 scriptis
1662 927 1930 979 redactam
1976 928 2407 997 publicaverunt.

404 1007 802 1078 Interrogantes
828 1009 1181 1062 exheredatos
1210 1010 1255 1062 si
1281 1012 1451 1080 parati
1476 1020 1660 1064 essent
1686 1031 1804 1064 eam
1850 1013 2152 1067 observare.
2227 1015 2406 1068 Quam

401 1092 619 1162 quidam
668 1111 855 1145 eorum
923 1095 1260 1160 recusabant,
1327 1096 1546 1165 quidam
1600 1098 1752 1167 quasi
1820 1098 1991 1151 coacti
2050 1100 2408 1152 admittebant

401 1177 653 1230 timentes
683 1195 752 1230 ne
777 1178 1011 1230 deterius
1053 1179 1405 1249 contingeret,
1430 1181 1563 1250 ipsis
1589 1201 1717 1236 vero
1752 1183 1808 1235 in
1843 1183 2019 1236 insula
2044 1186 2261 1255 penitus
2289 1204 2406 1238 eam

401 1271 534 1315 tunc
552 1262 943 1315 recusantibus.
1018 1265 1422 1318 Resistentibus
1449 1267 1551 1319 sibi
1577 1268 1680 1320 illis
1701 1268 1757 1320 in
1785 1277 1960 1322 castro
1987 1278 2044 1323 et
2083 1280 2193 1323 tam
2231 1272 2406 1324 valide

404 1366 463 1400 se
514 1348 947 1413 defendentibUS‚
991 1351 1215 1402 miratus
1257 1359 1341 1403 est
1389 1353 1566 1404 omnis
1615 1355 1870 1424 popuIUS,
1914 1363 1970 1408 et
2014 1356 2268 1409 dominus
2314 1375 2407 1409 rex

402 1433 601 1486 ductus
630 1433 830 1503 pietate
869 1452 1031 1503 super
1068 1435 1336 1505 probitate
1376 1456 1562 1490 eorum
1606 1447 1663 1491 et
1699 1448 1810 1491 tam
1842 1439 2051 1493 diutina
2094 1442 2407 1494 defensione

401 1518 604 1587 recepit
643 1537 736 1571 eos
774 1519 830 1570 in
873 1537 1004 1589 pace
1046 1540 1160 1586 sua,
1197 1529 1253 1574 et
1292 1524 1561 1575 concessit
1601 1524 1678 1576 eis
1723 1532 1891 1577 terras
1918 1543 2106 1578 eorum
2127 1548 2142 1591 3
2188 1535 2244 1580 et
2287 1529 2406 1579 red-

400 1604 658 1656 diderunt
700 1613 936 1657 castrum
981 1605 1038 1657 in
1082 1606 1354 1675 quindena
1410 1615 1536 1660 ante
1578 1608 1755 1662 natale
1799 1609 2042 1662 Domini.
2134 1611 2406 1664 Dominus

401 1689 638 1758 Legatus
673 1690 1055 1743 nichilominus
1076 1692 1655 1745 excommunicacionis
1678 1694 2003 1747 sententiam
2029 1694 2085 1747 in
2105 1696 2406 1762 Wintonie,

400 1775 697 1846 wigornie,
725 1776 1152 1841 Londoniarum,
1192 1777 1492 1841 Lincolnie,
1519 1778 1732 1830 Exonie
1770 1781 2055 1850 episcopos
2082 1782 2407 1847 fulminavit,

400 1860 584 1914 dicens
623 1861 774 1931 ipsos
811 1879 929 1914 esse
968 1862 1205 1914 fautores
1234 1861 1466 1914 Comitis
1494 1881 1558 1916 eo
1585 1864 1730 1933 quod
1756 1883 1869 1917 non
1910 1867 2165 1918 mandato
2203 1867 2409 1920 domini

401 1966 540 2017 pape
563 1946 620 1998 in
647 1946 971 1999 execucione
997 1947 1266 2000 sententie
1303 1948 1411 2000 late
1439 1967 1601 2017 super
1622 1949 1896 2004 Comitem
1935 1960 1989 2005 et
2014 1953 2251 2005 fautores
2280 1972 2406 2006 suos

402 2031 693 2101 paruerint.
784 2031 894 2086 Qui
938 2032 1005 2083 ad
1056 2033 1239 2084 sedem
1298 2033 1649 2101 apostolicam
1694 2035 2041 2103 appellanteS‚
2072 2037 2289 2105 quidam
2339 2040 2406 2091 ad

403 2118 605 2170 curiam
642 2116 912 2181 obierunt,
938 2117 1156 2186 quidam
1194 2126 1321 2186 post
1365 2118 1567 2169 multos
1611 2118 1820 2171 labores
1847 2120 1938 2172 vix
1980 2122 2206 2191 gratiam
2249 2123 2407 2177 abso-

403 2202 626 2254 lutionis
652 2202 1018 2271 optinuerunt.
1094 2203 1368 2254 Walterus
1396 2203 1462 2255 de
1483 2202 1788 2274 Cantelupo
1814 2205 2100 2277 episcopus
2127 2208 2405 2278 Wigornie

406 2286 560 2339 obiit.

480 2372 604 2424 Hoc
642 2390 784 2424 anno
822 2371 959 2424 circa
984 2373 1184 2424 festum
1223 2381 1405 2426 sancte
1446 2374 1749 2443 Margarete
1787 2376 1995 2428 reddita
2029 2386 2113 2430 est
2138 2378 2313 2431 insula
2339 2382 2405 2433 de

405 2458 493 2509 Eli
521 2458 740 2509 domino
767 2458 1034 2510 Edwardo
1080 2458 1194 2510 sine
1230 2459 1406 2528 aliquo
1441 2460 1715 2525 conflictU,
1741 2479 1848 2530 qua
1874 2462 1940 2514 de
1967 2481 2127 2515 causa
2154 2464 2405 2518 dominus

403 2542 702 2595 Edwardus
765 2561 864 2612 pro
927 2561 1113 2595 eorum
1175 2545 1616 2598 reconciliacione
1666 2564 1835 2615 penes
1892 2548 2174 2602 dominum
2226 2568 2403 2620 regem

402 2629 634 2681 multum
677 2646 734 2680 se
774 2629 1086 2681 intromisit.
1162 2630 1433 2682 Dominus
1470 2649 1566 2683 rex
1598 2632 1907 2701 impetravit
1944 2654 1975 2686 a
2007 2636 2227 2688 domino
2266 2656 2406 2707 papa

403 2714 471 2766 ad
495 2714 883 2767 relevacionem
911 2722 1085 2767 status
1127 2715 1211 2767 sui
1238 2716 1498 2768 decimam
1535 2718 1780 2771 omnium
1821 2718 2089 2773 bonorum
2130 2723 2401 2775 ecclesias-

403 2799 633 2853 ticorum
658 2818 754 2869 per
779 2808 888 2853 tres
916 2820 1087 2854 annos
1114 2802 1368 2854 continue
1396 2811 1699 2872 sequentes,

477 2886 602 2938 Hoc
626 2904 768 2938 anno
795 2905 825 2938 a
849 2894 966 2939 toto
993 2887 1133 2939 clero
1159 2906 1413 2940 concessa
1438 2889 1841 2958 quadragesima
1866 2892 2108 2944 omnium
2135 2893 2403 2947 bonorum

404 2970 885 3023 ecclesiasticorum
935 2972 991 3023 in
1044 2971 1348 3023 subsidium
1405 2980 1460 3025 et
1509 2973 1899 3027 relevacionem
1938 2976 2401 3031 exheredatorum.

406 3055 529 3108 Hoc
554 3075 695 3108 anno
740 3057 878 3110 circa
913 3058 1112 3109 festum
1152 3066 1334 3110 sancte
1382 3058 1686 3128 Margarete
1712 3060 1964 3113 dominus
2005 3063 2240 3133 Legatus
2267 3066 2403 3118 cele—

403 3139 556 3192 brato
582 3142 808 3195 concilio
834 3143 1153 3208 LondoniiS,
1180 3151 1235 3195 et
1260 3143 1582 3213 quibusdam
1618 3146 2104 3200 constitucionibus
2124 3149 2179 3200 in
2202 3150 2399 3217 scripto

405 3224 632 3277 redactis
657 3234 713 3278 et
737 3227 951 3296 publice
976 3228 1243 3297 perlectiS,
1271 3228 1570 3281 valedicens
1596 3230 1854 3282 remeavit
1879 3231 1946 3282 ad
1971 3233 2203 3301 propria.
2278 3234 2399 3285 Hoc

406 3326 548 3360 anno
574 3309 825 3364 dominus
854 3312 1116 3366 Ricardus
1163 3313 1562 3367 Lincolniensis
1603 3314 1890 3384 episcopus
1932 3316 1987 3368 in
2015 3317 2192 3385 vigilia
2219 3326 2400 3369 sancte
