2774 3952
70 1153 171 1190 Item
195 1153 268 1190 hoc
287 1165 405 1190 anno.

435 406 504 451 36
967 414 1320 450 cunochN
1350 416 1892 453 PETROBURGENSE.

433 559 693 611 reparare,
719 548 849 593 tunc
875 541 1078 605 saliceS‚
1106 558 1236 610 quas
1262 541 1536 610 predictus
1579 541 1828 594 Albricus
1871 543 2154 611 plantavit,
2180 543 2290 596 sint
2325 543 2435 614 pali

434 628 579 678 illius
616 627 770 697 haye,
797 634 852 678 et
892 627 934 678 si
975 627 1125 696 palos
1151 627 1284 679 alios
1322 626 1524 678 ibidem
1556 644 1826 696 apponere
1850 627 2138 693 voluerint,
2174 629 2437 682 linealiter

435 722 706 782 ponantur
731 713 1027 765 secundum
1054 713 1198 782 quod
1224 712 1462 782 predicte
1491 713 1676 764 salices
1698 720 1827 763 sunt
1845 713 2102 782 plantate.
2178 714 2264 766 Ita
2289 715 2435 784 quod

434 807 579 851 extra
623 798 808 850 salices
833 816 1021 850 versus
1057 817 1248 867 aquam
1284 798 1451 850 nichil
1476 799 1541 849 de
1568 806 1744 850 cetero
1784 798 1955 867 possit
1994 816 2291 851 accrescere
2316 818 2437 868 pre-

435 884 579 935 dicto
617 884 893 935 Willelmo
929 884 1016 935 vel
1055 883 1453 936 successoribus
1495 884 1606 936 suis
1647 902 1743 953 per
1787 884 2018 954 aliquam
2044 884 2435 954 plantationem

432 970 518 1022 vel
544 978 682 1022 terre
708 969 1112 1021 exaltacionem.

507 1054 797 1124 Inquisicio
817 1055 956 1106 facta
974 1073 1071 1124 pro
1099 1055 1303 1107 decima
1327 1055 1652 1108 venacionis,

507 1140 571 1190 In
618 1139 851 1191 crastino
881 1139 1215 1191 invencionis
1244 1149 1425 1193 sancte
1452 1142 1641 1205 cruciS,
1672 1160 1813 1193 anno
1842 1141 1994 1210 regni
2019 1140 2157 1210 regis
2175 1140 2438 1192 -Edwardi

431 1224 560 1276 viii⁰.
588 1242 766 1276 coram
794 1225 1014 1276 domino
1041 1225 1271 1277 Ricardo
1299 1226 1365 1278 de
1394 1225 1687 1290 Holebroc,
1715 1227 2019 1279 Senescallo
2057 1228 2271 1286 foreste,
2299 1227 2439 1278 facta

431 1318 513 1360 est
538 1307 820 1377 inquisicio
846 1309 990 1377 apud
1007 1309 1458 1362 Norhamtoniam
1478 1329 1574 1380 per
1600 1319 1996 1364 sacramentum
2016 1311 2438 1375 forestariorum,

431 1394 803 1446 viridariorum
830 1402 885 1446 et
904 1394 1130 1446 aliorum
1154 1395 1525 1448 ministrorum
1551 1397 1748 1450 foreste
1766 1399 1831 1450 de
1860 1397 2220 1466 Rokingham‚
2250 1397 2438 1467 Clyve,

431 1490 486 1531 et
512 1480 854 1545 Brikestoke‚
871 1487 926 1532 et
943 1499 1040 1550 per
1066 1490 1458 1534 sacramentum
1487 1483 1693 1535 domini
1709 1484 1746 1536 J
1749 1483 1978 1535 ohannis
1997 1484 2063 1535 de
2082 1484 2212 1548 Ver,
2234 1483 2439 1535 domini

430 1566 697 1618 Johannis
742 1567 808 1618 de
843 1567 1264 1632 Folkesworthe,
1303 1567 1508 1619 domini
1547 1568 1767 1620 Roberti
1803 1568 1853 1620 le
1881 1569 2054 1631 Baud,
2094 1569 2300 1621 domini
2327 1570 2437 1621 Ro-

430 1651 569 1703 berti
596 1652 661 1703 de
702 1652 895 1716 Hotot,
923 1651 1128 1704 domini
1168 1652 1419 1721 Hugonis
1455 1652 1520 1704 de
1546 1653 1815 1722 Aundely,
1847 1652 2051 1704 domini
2077 1652 2115 1705 J
2118 1654 2344 1705 ohannis
2371 1653 2437 1705 de

429 1738 725 1806 Draytona‚
764 1737 969 1789 domini
1007 1737 1231 1789 Roberti
1269 1737 1335 1789 de
1383 1737 1708 1802 Tichemers,
1751 1738 2005 1807 Symonis
2050 1738 2117 1790 de
2162 1738 2440 1802 Gravesle,

433 1822 687 1874 Willelmi
729 1822 826 1874 filii
854 1823 1078 1875 Henrici
1105 1823 1171 1875 de
1199 1823 1494 1887 Brantona,
1522 1823 1737 1875 Ricardi
1763 1824 1829 1875 de
1856 1822 2158 1892 Deseburg,
2186 1823 2439 1893 Symonis

433 1907 499 1958 de
527 1907 898 1976 Hamingtona
935 1916 990 1960 et
1029 1908 1244 1960 Ricardi
1282 1907 1349 1959 de
1390 1908 1651 1972 Arderne,
1691 1908 1952 1959 Willelmi
1978 1908 2044 1959 de
2078 1909 2341 1961 Yerwelle
2385 1917 2441 1961 et

431 1993 640 2044 Thome
667 1993 733 2044 de
757 1993 1051 2045 Yerewelle
1076 1992 1483 2045 forestariorum
1510 1993 1576 2045 de
1601 1993 1779 2056 feodo,
1815 1992 1908 2062 qui
1934 1993 2123 2045 dicunt
2146 2012 2242 2062 per
2268 2012 2441 2045 sacra-

431 2085 675 2129 mentum
703 2096 861 2128 suum
887 2077 1033 2147 quod
1058 2077 1279 2129 abbates
1307 2077 1372 2129 de
1393 2078 1575 2146 Burgo
1593 2079 1763 2129 sancti
1792 2078 1955 2142 Petri,
1976 2078 2193 2143 scilicet,
2213 2079 2440 2131 Williel-

431 2182 552 2214 mus
575 2163 772 2226 Hotot‚
788 2163 825 2215 J
829 2163 1069 2219 ohannes
1087 2162 1153 2213 de
1172 2162 1319 2214 Cauz
1349 2171 1404 2214 et
1425 2161 1696 2214 Robertus
1726 2163 1792 2215 de
1821 2163 2071 2228 Suttona,
2091 2162 2312 2214 abbates
2337 2164 2443 2216 loci

432 2249 657 2317 predicti
683 2256 926 2318 tempore
965 2247 1171 2300 domini
1210 2247 1434 2299 Henrici
1473 2255 1603 2300 tunc
1641 2248 1778 2317 regis
1804 2247 2016 2317 Anglie,
2043 2249 2209 2317 patris
2237 2248 2443 2300 domini

434 2334 717 2386 Eadwardi
752 2334 891 2404 regis
912 2334 1003 2403 qui
1027 2352 1174 2386 nunc
1212 2341 1312 2398 est,
1340 2334 1645 2386 habuerunt
1671 2334 1932 2387 decimam
1957 2334 2266 2386 venacionis
2286 2342 2441 2404 capte

434 2420 490 2470 in
506 2419 715 2470 ballivis
734 2419 800 2470 de
819 2419 1005 2488 Clyve,
1024 2419 1363 2482 Brikestoke,
1380 2426 1435 2470 et
1455 2419 1796 2487 Rokingham
1811 2419 1865 2470 in
1894 2419 2154 2471 comitatu
2169 2419 2442 2472 Norham-

437 2504 601 2568 tonie‚
619 2504 906 2572 aliquando
922 2522 1019 2573 per
1045 2522 1236 2555 manus
1257 2511 1593 2568 venatorum,
1614 2504 1899 2572 aliquando
1915 2522 2011 2573 per
2030 2523 2221 2556 manus
2249 2505 2443 2558 Senes-

438 2590 694 2642 callorum
710 2591 908 2641 foreste
927 2589 1182 2658 predicte,
1197 2588 1463 2652 videlicet,
1481 2606 1578 2657 per
1597 2607 1792 2640 manus
1818 2589 2022 2640 domini
2044 2589 2267 2641 Roberti
2293 2592 2444 2643 Wal-

439 2675 591 2739 rand‚
626 2675 831 2726 domini
859 2675 1067 2726 Thome
1093 2674 1160 2726 de
1196 2673 1473 2743 Greytley,
1504 2673 1708 2725 domini
1734 2673 1892 2724 Alani
1920 2674 1972 2724 la
2010 2674 2211 2739 Zuche‚
2238 2676 2443 2727 domini

440 2760 652 2812 Warini
690 2760 756 2812 de
794 2759 1216 2829 Bassingburna,
1241 2776 1338 2828 per
1370 2757 1552 2811 brevia
1578 2758 1783 2809 domini
1806 2758 1945 2827 regis
1979 2758 2183 2811 eisdem
2224 2759 2441 2813 directa.

445 2846 650 2899 Dicunt
669 2846 848 2910 etiam,
868 2846 1013 2915 quod
1030 2845 1249 2897 domina
1272 2844 1470 2913 regina,
1488 2851 1658 2896 mater
1683 2843 1889 2895 domini
1913 2844 2051 2913 regis
2071 2844 2163 2913 qui
2182 2863 2325 2897 nunc
2341 2855 2443 2912 est,

83 2955 174 3007 (fol.
190 2955 316 2994 lxxxv.
335 2951 418 3003 vo.)
444 2938 465 2999 l
482 2950 584 3002 que
605 2932 670 2984 de
687 2931 940 3000 predictis
965 2931 1175 2983 ballivis
1197 2931 1263 2982 de
1285 2930 1455 3000 Clyve
1472 2938 1527 2982 et
1548 2929 1836 2982 Brikstoke
1856 2938 1942 2982 est
1961 2930 2160 2995 dotata,
2181 2931 2443 2985 decimam

447 3017 755 3071 venacionis
793 3018 850 3069 in
895 3017 1098 3070 eisdem
1143 3016 1350 3068 ballivis
1394 3023 1549 3085 capte
1590 3015 1819 3068 Ricardo
1859 3016 1925 3068 de
1963 3016 2263 3068 Londoniis
2301 3036 2447 3071 nunc

450 3103 634 3156 abbati
675 3103 781 3155 loci
819 3103 1044 3172 predicti
1091 3101 1359 3154 concessit
1401 3109 1457 3154 et
1494 3101 1756 3154 liberavit.
1849 3101 2057 3154 Dicunt
2095 3102 2255 3154 etiam
2300 3105 2446 3172 quod

451 3197 695 3258 tempore
733 3189 937 3240 domini
974 3188 1227 3240 Edwardi
1264 3187 1421 3257 regiS,
1447 3187 1538 3256 qui
1575 3206 1720 3240 nunc
1757 3196 1857 3252 est,
1884 3187 2124 3257 predicta
2149 3188 2354 3240 decima
2380 3191 2447 3242 de

452 3276 743 3328 venacione
782 3274 840 3325 in
883 3274 1077 3326 balliva
1121 3275 1187 3326 de
1238 3273 1581 3342 Rokingham
1632 3281 1787 3343 capta
1830 3273 2069 3342 predicto
2109 3273 2291 3326 abbati
2351 3294 2448 3345 per

459 3360 738 3413 dominum
790 3360 1076 3412 Ricardum
1121 3360 1187 3413 de
1234 3359 1532 3424 Holebrok,
1560 3359 1911 3412 senescallum
1951 3360 2149 3412 foreste
2192 3360 2449 3429 predicte,
