2774 3952
72 1182 196 1219 Breve
211 1180 362 1218 domini

70 1235 188 1284 Regis
207 1235 257 1271 de
273 1247 380 1271 sum-

70 1300 304 1327 moniclone.

69 1684 167 1739 (soz.
185 1686 258 1726 cix.
276 1685 350 1737 vo.)

71 1762 191 1800 Anno
212 1762 389 1800 Domini.

73 1816 245 1854 M⁰.c0c⁰.
267 1816 383 1853 Octo-

70 1870 217 1918 gesimo
236 1870 390 1918 quinto.

74 1924 199 1960 Breve
219 1923 380 1960 Domini

73 1977 191 2025 Regis
209 1989 280 2025 pro

73 2030 220 2068 Itinere
239 2030 276 2066 N
279 2042 340 2067 or-

69 2083 312 2133 hamptonie.

965 451 1319 489 CHRONICON
1349 454 1891 491 PETROBURGENSE.
2332 447 2435 493 103
2483 487 2487 491 .

436 575 640 628 trorum
666 582 722 627 et'
753 575 911 646 juxta
936 578 1187 630 articulos
1226 580 1429 632 eisdem
1469 579 1595 631 in-de
1629 580 1856 632 traditos
1891 587 1946 633 et
1989 581 2284 650 injunctos·
2358 584 2434 635 Et

434 660 556 713 ideo
577 660 730 714 vobis
752 663 1069 715 mandamus
1088 666 1234 733 quod
1248 665 1452 717 eisdem
1467 665 1505 717 J
1509 666 1710 718 ohanni
1728 673 1830 718 etc.
1850 674 2106 734 tanquam
2121 666 2434 734 justiciariis

433 746 635 798 nostris
678 746 1056 800 itinerantibus
1099 749 1156 800 in
1183 749 1435 802 omnibus
1471 768 1573 819 que
1600 751 1668 802 ad
1700 751 1896 819 placita
1920 751 2011 802 illa
2035 752 2328 820 pertinent,
2353 753 2436 804 in-

435 831 720 884 tendentes
749 832 866 884 sitis
892 841 947 885 et
975 834 1382 903 respondenteS,
1412 834 1553 886 sicut
1577 835 1882 904 predictum
1908 842 2009 887 est.
2086 836 2154 886 In
2180 837 2332 905 cujus
2358 837 2436 890 rei

436 915 806 968 testimonium
850 924 953 969 etc.
1027 917 1234 969 Datum
1277 918 1422 987 apud
1459 919 1801 972 Wolvemere
1846 920 2011 972 tercio
2057 920 2142 972 die
2182 922 2435 991 Augusti,

437 1019 579 1053 anno
605 1001 754 1071 regni
777 1002 950 1054 nostri
975 1001 1109 1056 xiii0.

513 1087 686 1139 Breve
712 1086 777 1139 de
805 1087 1254 1141 summonicione.

511 1173 809 1226 Edwardus
847 1174 970 1226 Dei·
985 1173 1153 1243 gratia
1190 1175 1309 1226 Rex
1332 1174 1543 1244 Anglie,
1569 1182 1671 1227 etc.
1700 1175 2005 1228 vicecomiti
2042 1177 2437 1231 Norhamtonie

441 1258 686 1311 salutem.
726 1259 1077 1311 Summonete
1088 1259 1366 1329 perbonos
1385 1261 1820 1326 summonitoreS,
1832 1262 2280 1331 archiepiscopos,
2296 1264 2438 1332 epis-

440 1361 623 1413 copOS,
650 1336 895 1409 abbateS,
925 1343 1148 1413 prioreS,
1186 1345 1428 1409 comiteS,
1455 1344 1703 1410 baroneS,
1730 1346 1945 1409 milites,
1980 1355 2035 1398 et
2060 1366 2247 1400 omnes
2272 1348 2438 1402 libere

439 1435 684 1481 tenentes
711 1429 777 1482 de
803 1429 1062 1482 comitatu
1086 1438 1201 1496 tu0,
1243 1438 1299 1483 et
1336 1431 1402 1483 de
1443 1431 1679 1500 qualibet
1715 1431 1840 1483 villa
1865 1441 2094 1501 quatuor
2118 1433 2313 1502 legales
2338 1434 2438 1486 ho-

440 1514 611 1566 mines
674 1522 729 1566 et
785 1515 1140 1584 prepositum,
1185 1523 1240 1567 et
1283 1516 1348 1567 de
1400 1515 1641 1585 quolibet
1687 1516 1859 1585 burgo
1910 1517 2195 1570 duodecim
2243 1519 2438 1587 legales

440 1599 746 1666 Burgenses
784 1617 883 1667 per
923 1607 1095 1651 totam
1132 1599 1383 1653 ballivam
1427 1607 1596 1664 tuam,
1641 1607 1696 1652 et
1739 1618 1929 1654 omnes
1970 1603 2091 1654 illos
2130 1603 2222 1672 qui
2259 1622 2439 1656 coram

434 1683 741 1752 justiciariis
760 1685 959 1736 nostris
985 1685 1363 1738 itinerantibus
1387 1686 1569 1738 venire
1594 1686 1809 1751 [solent
1833 1695 1888 1738 et
1914 1687 2130 1753 debent,
2158 1689 2303 1758 quod
2331 1689 2441 1742 sint

440 1768 584 1838 apud
609 1769 1097 1839 Norhamptoniam
1121 1770 1179 1822 in
1205 1772 1438 1823 crastino
1473 1771 1646 1823 sancti
1672 1770 1955 1824 Michaelis
1981 1773 2230 1842 proximo
2255 1775 2439 1826 futuro

441 1872 620 1907 coram
646 1854 854 1907 dilectis
879 1863 934 1907 et
957 1855 1204 1908 fidelibus
1229 1855 1429 1908 nostris
1447 1854 1698 1908 ‚Iohanne
1725 1857 1791 1908 de
1810 1857 2055 1908 Vallibus
2086 1866 2140 1910 et
2164 1858 2440 1911 Willelmo

442 1940 508 1993 de
561 1940 757 1992 Saham
796 1947 852 1993 et
896 1941 1013 1993 aliis
1070 1941 1318 1993 fidelibus
1362 1942 1580 2006 nostriS,
1622 1961 1757 2011 quos
1806 1950 1938 1994 tunc
1980 1943 2181 1995 ibidem
2226 1944 2443 1998 missuri

443 2043 648 2090 sumuS,
691 2025 969 2079 audituros
1001 2034 1056 2078 et
1091 2027 1327 2078 facturos
1370 2035 1686 2096 preceptum
1730 2035 1996 2080 nostrum.
2072 2028 2252 2080 Facite
2279 2029 2438 2080 etiam

442 2111 625 2164 venire
649 2130 828 2164 coram
868 2111 1071 2163 eisdem
1108 2111 1356 2163 fidelibus
1382 2112 1580 2164 nostris
1608 2113 1788 2164 omnia
1812 2113 2008 2182 placita
2033 2131 2230 2165 corone
2255 2122 2440 2166 nostre

444 2214 547 2265 que
571 2195 822 2265 placitata
845 2213 957 2247 non
996 2203 1140 2260 sunt,
1180 2196 1267 2248 vel
1307 2214 1410 2265 que
1454 2206 1788 2249 emerserunt
1826 2206 2116 2267 postquam
2157 2198 2442 2267 justiciarii

442 2282 634 2334 ultimo
658 2281 1044 2334 itineraverunt
1072 2281 1129 2332 in
1166 2281 1409 2350 partibus
1447 2281 1572 2346 illis,
1597 2290 1654 2334 et
1698 2283 1878 2334 omnia
1919 2283 2115 2352 placita
2157 2290 2213 2335 et
2261 2285 2443 2336 omnia

445 2367 861 2419 attachiamenta
900 2367 968 2418 ad
1015 2366 1211 2436 placita
1248 2367 1338 2418 illa
1380 2367 1728 2436 pertinencia.
1804 2369 1880 2420 Et
1920 2386 2108 2420 omnes
2150 2369 2345 2420 assisas
2386 2378 2442 2423 et

447 2452 627 2504 omnia
651 2452 848 2522 placita
866 2470 970 2522 que
994 2452 1172 2522 posita
1193 2460 1320 2504 sunt
1345 2453 1412 2504 ad
1438 2453 1667 2522 primam
1688 2453 1911 2506 assisam
1933 2472 2112 2506 coram
2133 2454 2441 2522 justiciariis

449 2538 648 2589 nostris
693 2556 816 2590 cum
853 2537 1108 2590 brevibus
1135 2538 1423 2589 assisarum
1449 2538 1659 2590 illarum
1686 2546 1742 2590 et
1764 2539 2105 2608 placitorum.
2181 2539 2268 2591 Ita
2297 2541 2444 2609 quod

451 2623 616 2674 assise
640 2622 729 2674 ille
772 2630 827 2675 et
858 2623 1052 2691 placita
1090 2641 1188 2691 pro
1233 2623 1445 2674 defectu
1485 2623 1567 2674 tui
1605 2624 1692 2675 vel
1726 2623 2163 2676 summonitionis
2196 2632 2290 2677 tue
2331 2643 2444 2676 non

449 2714 776 2760 remaneant.
830 2707 1010 2759 Facite
1037 2707 1197 2759 etiam
1224 2707 1440 2759 clamari
1456 2715 1510 2759 et
1527 2707 1649 2760 sciri
1673 2726 1770 2777 per
1794 2716 1966 2760 totam
1991 2708 2244 2761 ballivam
2275 2716 2443 2774 tuam,

450 2793 595 2864 quod
629 2811 817 2845 omnes
857 2793 1025 2845 assise
1062 2800 1117 2845 et
1159 2793 1340 2845 omnia
1363 2793 1559 2862 placita
1598 2811 1701 2861 que
1745 2794 1964 2846 fuerunt
2007 2794 2350 2846 atterminata
2389 2802 2444 2846 et

448 2896 560 2930 non
598 2876 769 2942 finita,
793 2877 882 2930 vel
907 2894 1010 2945 que
1053 2878 1273 2929 fuerunt
1316 2877 1645 2929 summonita
1683 2896 1860 2930 coram
1886 2878 2199 2946 justiciariis
2243 2879 2443 2931 nostris

449 2963 593 3031 apud
617 2961 1163 3014 westmonasterium
1188 2962 1273 3014 vel
1317 2980 1497 3014 coram
1525 2962 1838 3030 justiciariis
1882 2962 2084 3015 nostris
2126 2963 2219 3032 qui
2251 2963 2442 3016 ultimo

447 3046 832 3100 itineraverunt
872 3046 932 3098 in
974 3047 1234 3098 comitatu
1274 3047 1516 3116 predicto
1551 3048 1619 3098 ad
1663 3049 1844 3100 omnia
1879 3047 2095 3117 placita,
2137 3048 2226 3100 vel
2264 3066 2443 3100 coram

444 3128 754 3199 justiciariis
790 3131 990 3184 nostris
1014 3131 1141 3183 illuc
1165 3131 1344 3183 missis
1371 3132 1438 3183 ad
1464 3131 1658 3183 assisas
1685 3151 1825 3185 nove
1853 3132 2138 3186 disseisine-
2158 3133 2443 3201 capiendas

449 3214 537 3266 vel
569 3215 637 3266 ad
674 3216 880 3284 gaolam
907 3216 1323 3281 deliberandam,
1350 3218 1495 3286 quod
1521 3225 1652 3269 tunc
1690 3217 1800 3269 sint
1838 3235 2014 3269 coram
2042 3218 2262 3286 prefatis
2282 3217 2443 3284 justi-

452 3298 624 3352 ciariis
649 3302 848 3352 nostris
873 3302 1016 3371 apud
1047 3302 1500 3354 Norhamtoniam
1537 3303 1594 3354 in
1639 3302 1831 3354 eodem
1871 3309 2015 3354 statu
2042 3321 2147 3371 quo
2174 3319 2443 3353 remanse-

451 3389 579 3434 runt
616 3400 713 3452 per
751 3393 1066 3453 preceptum
1102 3393 1350 3437 nostrum
1387 3386 1475 3438 vel
1506 3386 1923 3454 justiciariorum
1948 3384 2332 3447 itinerantium,
2357 3384 2445 3436 vel

447 3468 864 3537 justiciariorum
883 3477 1192 3522 nostrorum
1219 3471 1286 3523 de
1305 3471 1510 3524 BancO.
1587 3471 1940 3523 Summonete
1965 3470 2126 3522 etiam
2150 3487 2246 3539 per
2269 3468 2444 3523 bonos
