2774 3952
408 410 476 454 46
949 413 1306 450 CHRONlcoN
1338 413 1881 449 PETROBURGENSE.

407 554 581 598 tacam
607 544 673 595 de
702 541 1032 604 Kerketona,
1060 538 1188 591 dicit
1226 538 1370 607 quod
1395 537 1513 607 ipse
1540 545 1595 589 et
1629 556 1818 590 omnes
1848 537 2097 591 homines
2125 539 2226 604 sui,
2252 546 2409 604 terre,

408 631 565 684 feoda
585 627 869 692 dominica,
886 634 941 679 et
957 625 1195 678 dominia
1215 643 1310 676 sua
1330 631 1459 675 sunt
1472 623 1639 676 libera
1660 632 1715 675 et
1735 623 1916 692 quieta
1932 623 1998 675 ab
2020 626 2168 677 omni
2193 627 2407 693 (scotto)

410 725 511 770 etc.
539 723 593 769 et
617 716 683 767 ab
711 713 963 767 omnibus
992 711 1197 776 schiriS,
1231 709 1546 774 hundrediS,
1591 717 1646 761 et
1673 710 1832 762 sectis
1875 709 2167 762 schirarum
2194 719 2250 763 et
2272 712 2412 763 hun-

411 802 719 864 dredorum,
761 798 1135 860 comitatuum,
1179 804 1607 865 wapentacarum
1649 803 1703 848 et
1746 795 2150 864 trithingorum,
2198 796 2411 865 placitis

411 894 467 939 et
492 886 739 955 querelis,
766 902 862 954 per
901 891 1102 935 cartam
1143 881 1350 933 domini
1390 882 1617 933 Henrici
1660 881 1818 950 regiS,
1844 881 2012 950 patris
2045 881 2251 932 domini
2274 882 2413 950 regis

411 990 574 1035 nunc,
619 988 781 1039 quam
820 969 1044 1038 profert,
1090 975 1145 1019 et
1188 985 1291 1036 que
1334 967 1441 1018 hoc
1483 966 1628 1018 idem
1672 973 1921 1018 testatur.
2011 966 2219 1018 Datum
2270 967 2414 1035 apud

412 1054 958 1108 Westmonasterium
996 1070 1101 1103 ,Χῖα
1147 1051 1232 1102 die
1284 1052 1432 1114 May,
1476 1069 1618 1102 anno
1662 1051 1813 1121 regni
1858 1051 1943 1103 sui
1986 1051 2159 1103 ,liiiit0.
2233 1051 2310 1103 Et
2349 1071 2413 1104 eo

413 1149 647 1194 warento
668 1139 798 1190 dicit
822 1137 967 1206 quod
983 1136 1209 1206 predicti
1232 1135 1418 1188 villani
1443 1142 1572 1187 sunt
1596 1136 1764 1204 quieti
1784 1137 1850 1188 de
1875 1136 2115 1206 predicta
2135 1144 2296 1201 secta,
2313 1145 2412 1188 etc.

487 1227 564 1278 Et
613 1243 719 1294 quo
747 1223 814 1275 ad
863 1222 1087 1274 liberam
1127 1238 1431 1273 warennam
1458 1220 1516 1271 in
1568 1220 1805 1286 Scotere,
1847 1222 1977 1274 dicit
2027 1222 2172 1292 quod
2223 1223 2417 1275 clamat

415 1330 531 1363 eam
569 1328 666 1380 per
704 1315 902 1361 cartam
940 1307 1006 1358 de
1031 1323 1280 1359 warenna
1318 1305 1564 1374 superius
1604 1306 1957 1372 nominatam,
1987 1327 2090 1378 que
2128 1309 2232 1361 hoc
2270 1309 2415 1362 idem

414 1404 660 1449 testatur.

487 1483 564 1534 Et
607 1499 713 1550 quo
758 1480 826 1532 ad
863 1478 1060 1549 placita
1103 1477 1270 1530 namii
1308 1475 1465 1529 vetiti
1508 1484 1563 1529 et
1604 1486 1885 1531 returnum
1922 1478 2169 1533 brevium
2211 1481 2417 1533 domini

415 1567 554 1637 regis
579 1567 799 1630 ibidem,
827 1565 956 1617 dicit
982 1565 1126 1634 quod
1153 1564 1348 1615 clamat
1373 1581 1461 1614 eas
1488 1580 1585 1631 per
1609 1563 1908 1632 predictam
1935 1572 2136 1616 cartam
2164 1565 2230 1618 de
2255 1565 2416 1619 liber-

415 1653 618 1705 tatibus
647 1651 749 1704 sibi
775 1650 1064 1714 concessiS,
1091 1657 1193 1701 etc.

488 1739 564 1790 Et
590 1755 696 1807 quo
723 1737 792 1787 ad
819 1735 1074 1788 emendas
1102 1733 1269 1785 assise
1294 1732 1451 1803 panis
1478 1741 1533 1786 et
1570 1735 1794 1788 cervisie
1832 1737 1999 1790 fracte
2036 1737 2257 1803 ibidem,
2285 1738 2416 1790 dicit

417 1823 562 1893 quod
605 1823 801 1875 clamat
845 1839 933 1873 eas
978 1839 1042 1872 eo
1087 1826 1324 1871 warento
1369 1818 1517 1887 quod
1555 1819 1721 1872 habet
1777 1820 1981 1873 ibidem
2024 1831 2320 1875 mercatum
2361 1832 2417 1877 et

413 1907 601 1960 feriam
646 1914 702 1958 et
736 1924 798 1958 ea
835 1923 939 1974 que
984 1904 1053 1956 ad
1094 1911 1391 1956 mercatum
1431 1911 1487 1956 et
1528 1905 1718 1957 feriam
1759 1907 2052 1975 pertinent,
2079 1916 2134 1960 et
2172 1909 2276 1961 hoc
2319 1929 2417 1979 per

414 2000 617 2045 cartam
638 1990 845 2043 domini
873 1989 1099 2055 Henrici
1117 1988 1257 2057 regis
1282 1988 1468 2057 patris,
1485 1990 1652 2058 patris
1674 1991 1879 2043 domini
1905 1994 2044 2062 regis
2070 2013 2232 2060 nunc,
2254 2015 2417 2065 quam

412 2078 634 2147 profert,
661 2083 716 2127 et
742 2093 846 2145 que
871 2082 1103 2127 testatur
1129 2073 1275 2142 quod
1300 2073 1445 2125 idem
1473 2073 1745 2127 Henricus
1771 2095 1866 2128 rex
1892 2079 2161 2131 concessit
2185 2087 2241 2132 et
2273 2089 2418 2132 carta

416 2182 512 2215 sua
547 2160 885 2228 confirmavit
910 2159 1093 2212 abbati
1131 2166 1187 2210 et
1224 2158 1518 2211 conventui
1545 2159 1611 2211 de
1650 2160 1835 2230 Burgo
1863 2163 2036 2214 sancti
2082 2164 2227 2216 Petri
2272 2166 2418 2234 quod

413 2248 520 2318 ipsi
547 2255 602 2300 et
628 2264 816 2299 omnes
845 2263 1183 2298 successores
1211 2244 1295 2295 sui
1327 2243 1564 2295 habeant
1599 2243 1657 2295 in
1697 2254 2022 2315 perpetuum
2061 2266 2234 2300 unum
2278 2268 2418 2302 mer-

417 2341 596 2385 catum
641 2332 787 2401 apud
830 2331 1129 2382 manerium
1169 2348 1329 2381 suum
1357 2329 1423 2381 de
1464 2328 1683 2382 Scotere
1710 2332 1949 2400 qualibet
1987 2334 2287 2402 septimana
2323 2352 2420 2403 per

419 2420 562 2471 diem
587 2417 866 2481 Mercurii,
893 2424 949 2468 et
972 2415 1157 2467 feriam
1184 2414 1386 2466 ibidem
1415 2414 1640 2483 singulis
1679 2417 1835 2469 annis
1861 2437 1959 2487 per
1984 2427 2093 2471 tres
2121 2419 2234 2472 dies
2262 2420 2420 2472 dura-

418 2511 614 2566 turam,
633 2502 902 2565 videlicet,
917 2501 975 2552 in
999 2500 1198 2568 vigilia,
1216 2499 1319 2564 die,
1337 2507 1391 2551 et
1407 2500 1463 2550 in
1481 2500 1716 2553 crastino
1737 2502 1863 2553 festi
1883 2504 2254 2573 apostolorum
2272 2505 2419 2557 Petri

419 2595 475 2639 et
501 2587 654 2639 Pauli
680 2594 781 2638 etc.
859 2586 935 2637 Et
960 2602 1068 2653 quo
1094 2584 1163 2635 ad
1188 2584 1383 2647 furcaS,
1411 2583 1540 2635 dicit
1566 2586 1711 2652 quod
1737 2586 1930 2638 clamat
1954 2588 2070 2639 illas
2110 2588 2312 2640 ibidem
2353 2607 2418 2641 eo

421 2672 568 2741 quod
592 2671 757 2723 habet
793 2670 869 2722 ibi
905 2668 1281 2738 infangenthef
1321 2675 1375 2719 et
1413 2668 1796 2738 utfanganthef
1834 2690 1931 2740 per
1971 2680 2172 2724 cartam
2212 2672 2418 2724 domini

424 2755 650 2808 Henrici
675 2755 813 2825 regis
840 2754 1139 2824 predictam
1165 2760 1268 2805 eto.

494 2842 571 2893 Et
597 2859 703 2910 quo
730 2842 798 2892 ad
822 2840 1001 2893 visum
1035 2838 1203 2891 franci
1229 2837 1408 2908 plegii,
1435 2838 1631 2906 placita
1657 2839 1723 2890 de
1748 2839 1930 2892 namio
1970 2840 2159 2904 vetit0,
2202 2847 2419 2893 returna

421 2925 667 2978 brevium
693 2925 898 2978 domini
923 2924 1081 2994 regis,
1108 2930 1375 2975 extractas
1414 2923 1710 2975 eorundem
1748 2924 1816 2975 ad
1844 2923 2024 2976 debita
2050 2924 2254 2975 domini
2279 2925 2418 2994 regis

422 3010 649 3063 levanda
690 3018 744 3062 et
789 3011 855 3062 de
895 3010 1099 3062 eisdem
1143 3006 1585 3078 respondendum
1629 3025 1722 3076 per
1763 3026 1955 3060 manus
2002 3026 2124 3060 suas
2175 3010 2418 3078 proprias

423 3096 492 3147 ad
536 3094 858 3147 scaccarium
886 3093 1092 3146 domini
1117 3093 1276 3162 regiS,
1303 3091 1716 3144 amerciamenta
1749 3092 2034 3144 hominum
2068 3111 2288 3145 suorum
2316 3112 2419 3163 que

424 3199 492 3233 ex
517 3180 735 3232 murdro
763 3187 819 3232 et
849 3178 1104 3232 omnibus
1143 3178 1260 3230 aliis
1299 3175 1822 3246 transgressionibus
1861 3177 2206 3246 proveniunt,
2233 3179 2421 3231 catalla

423 3266 684 3331 felonum,
700 3263 1070 3335 fugitivorum,
1081 3263 1495 3333 dampnatorum
1514 3269 1569 3315 et
1586 3263 2420 3332 suspensorum,acquietanciam
