2774 3952
960 463 1317 501 oflaomcoN
1347 463 1891 501 PETROBURGENSE.
2330 449 2429 495 113
2482 486 2486 490 .

499 589 540 645 J
541 590 781 644 ohannes
810 591 1039 643 Freman
1061 590 1344 643 consuevit
1361 590 1563 656 venire,
1589 590 1743 660 cujus
1761 594 2129 642 tenementum
2150 585 2187 638 J
2191 585 2431 637 ohannes

425 673 566 726 filius
593 676 709 744 ejus
736 682 904 728 tenet.

495 760 802 813 Willelmus
863 761 1170 830 capellanus
1232 759 1517 813 consuevit
1564 758 1766 823 venire,
1835 757 1989 827 cujus
2055 761 2427 808 tenementum

424 842 734 896 Willelmus
759 843 1008 896 Walrant
1033 851 1202 895 tenet.

495 928 715 980 Debent
738 928 1034 997 presentari
1058 946 1154 997 per
1177 944 1348 979 unum
1375 927 1656 997 capitalem
1683 927 2080 980 decennarium.

48 1014 267 1056 Deneford.
495 1013 768 1066 Walterus
807 1013 873 1066 de
898 1013 1176 1065 Deneford
1202 1021 1257 1064 et
1293 1011 1574 1065 Gilbertus
1614 1012 1681 1064 de
1718 1012 1998 1064 Deneford
2028 1020 2425 1065 consueverunt

423 1097 622 1162 venire,
649 1115 877 1166 quorum
920 1104 1088 1149 terras
1113 1096 1442 1148 Willielmus
1483 1097 1550 1149 de
1575 1096 1774 1169 Trayly
1801 1103 1856 1149 et
1898 1096 1936 1149 J
1940 1097 2179 1149 ohannes
2205 1097 2271 1149 de
2296 1097 2425 1150 Tol-

421 1182 584 1252 thorp
610 1188 817 1234 tenent.
1294 1172 1297 1175 ’

491 1268 812 1338 Radulphus
823 1268 1163 1339 delPulteney
1173 1267 1662 1332 consuevitvenire,
1674 1268 1765 1338 qui
1781 1269 1849 1320 ad
1861 1268 2011 1336 [huc]
2027 1274 2299 1336 superstes
2318 1277 2419 1320 est.

489 1352 722 1405 Brianus
767 1353 834 1405 de
874 1353 1154 1405 Deneford
1198 1353 1480 1407 consuevit
1508 1353 1711 1419 venire,
1751 1355 1906 1425 cujus
1950 1362 2119 1407 terras
2147 1352 2419 1407 Robertus

417 1437 560 1490 filius
586 1438 702 1508 ejus
729 1446 898 1491 tenet.
1600 1438 1604 1442 “

489 1523 760 1576 Robertus
786 1524 852 1576 de
877 1523 1142 1593 Tolthorp
1168 1524 1450 1576 consuevit
1473 1525 1674 1589 venire,
1701 1525 1793 1595 qui
1818 1525 1993 1577 adhuc
2019 1532 2292 1593 superstes
2318 1532 2418 1578 est.

489 1607 750 1659 Matheus
777 1607 844 1660 de
869 1608 1180 1660 Tichemers
1207 1608 1490 1661 consuevit
1513 1609 1714 1674 venire,
1740 1609 1894 1678 cujus
1930 1616 2099 1661 terras
2138 1608 2176 1662 J
2179 1609 2419 1661 ohannes

412 1690 558 1743 filius
586 1691 805 1744 Ricardi
829 1699 998 1744 tenet.

487 1777 745 1829 Matheus
773 1777 1006 1829 Unwine
1033 1777 1317 1830 consuevit
1340 1777 1541 1842 venire,
1568 1777 1662 1847 qui.
1686 1778 1863 1831 adhuc
1890 1785 2165 1848 superstes
2191 1786 2291 1831 est.

485 1861 760 1914 Walterus
784 1862 835 1914 le
861 1863 1075 1933 Noreys
1119 1863 1404 1917 consuevit
1426 1864 1628 1926 venire,
1658 1865 1813 1934 cujus
1855 1865 2083 1917 heredes
2128 1872 2257 1916 sunt
2280 1863 2419 1916 infra

411 1953 629 2001 etatem.
2031 2003 2033 2005 .

480 2033 518 2085 J
521 2033 760 2086 ohannes
788 2034 1069 2086 Passemer
1093 2035 1376 2087 consuevit
1399 2035 1599 2101 venire,
1627 2036 1719 2105 qui
1744 2036 1919 2088 adhuc
1946 2043 2218 2104 superstes
2245 2043 2348 2087 est.

478 2117 806 2170 Willielmus
841 2119 907 2170 de
948 2119 1168 2188 Bernby
1193 2127 1248 2172 et
1282 2120 1447 2188 Hugo
1474 2128 1872 2174 consueverunt
1897 2121 2096 2185 venire,
2122 2120 2212 2191 qui
2238 2121 2414 2174 adhuc

407 2201 722 2271 superstites
750 2209 895 2254 sunt.

475 2287 720 2356 Rogerus
747 2287 942 2357 Runcy
967 2287 1249 2340 consuevit
1273 2289 1474 2354 venire,
1501 2290 1593 2359 qui
1619 2290 1795 2343 adhuc
1821 2290 1972 2343 vivit.

472 2372 613 2424 Tota
635 2371 817 2424 villata
842 2372 1004 2425 debet
1027 2374 1326 2442 presentari
1350 2393 1449 2444 per
1472 2375 1567 2428 iiii.
1593 2376 1846 2445 capitales
1874 2376 2239 2431 decennarios„

35 2447 279 2487 Audewicle.
475 2456 542 2508 In
567 2457 892 2510 Audewicle.
966 2459 1204 2510 Thomas
1236 2460 1463 2513 Travers
1505 2461 1788 2515 consuevit
1830 2462 2031 2528 venire,
2057 2463 2212 2533 cujus
2239 2471 2408 2518 terras

400 2541 708 2594 Willelmus
733 2542 876 2595 filius
903 2544 949 2612 ej
961 2562 1020 2595 us
1046 2551 1213 2597 tenet.

472 2627 743 2679 Robertus
771 2629 1000 2681 Freman
1027 2631 1310 2684 consuevit
1333 2631 1534 2698 venire,
1562 2633 1717 2702 cujus
1755 2639 1924 2686 terras
1967 2633 2231 2686 Ricardus
2257 2634 2400 2688 filius

397 2710 513 2781 ejus
538 2720 705 2766 tenet.

30 2814 137 2866 (soz,
154 2818 371 2873 cxiiiimo.)
466 2801 490 2863 l
515 2797 775 2850 Ricardus
801 2799 956 2852 Duce
982 2800 1265 2854 consuevit
1288 2802 1488 2868 venire,
1515 2803 1607 2873 qui
1633 2804 1809 2857 adhuc
1835 2813 2110 2874 superstes
2137 2813 2238 2860 est.

464 2882 703 2935 Thomas
727 2883 1021 2936 Alderman
1047 2886 1329 2939 consuevit
1352 2887 1553 2953 venire,
1580 2889 1670 2959 qui
1696 2890 1872 2944 adhuc
1900 2899 2172 2960 superstes
2198 2899 2299 2946 est.

467 2967 818 3021 Osemundus
868 2970 1150 3024 consuevit
1196 2971 1398 3038 venire,
1468 2974 1621 3044 cujus
1671 2982 2044 3029 tenementum
2086 2977 2394 3031 Willelmus

393 3051 569 3105 Lucas
594 3061 760 3107 tenet.

466 3136 673 3190 Omnes
695 3139 862 3192 libere
887 3147 1135 3194 tenentes
1156 3149 1211 3195 et
1235 3161 1424 3196 omnes
1450 3145 1704 3215 capitales
1725 3146 2029 3200 decennarii
2045 3148 2111 3201 de
2135 3148 2390 3219 predictis

393 3219 534 3272 villis
578 3229 635 3273 et
662 3223 833 3276 feodis
859 3243 890 3277 a
913 3234 1158 3296 tempore
1196 3228 1351 3297 cujus
1388 3247 1501 3282 non
1542 3238 1691 3283 extat
1723 3232 1999 3298 memoria,
2026 3234 2227 3286 scilicet
2263 3240 2387 3284 ante

393 3311 610 3373 tempus
658 3306 918 3361 Willelmi
943 3310 1106 3381 Regis
1158 3311 1565 3383 ConquestoriS,
1592 3333 1762 3386 usque
1805 3316 1875 3367 ad
1914 3324 2128 3386 tempus
2173 3315 2388 3368 Ricardi

394 3389 613 3444 comitis
633 3389 940 3458 Glovernie,
980 3395 1226 3449 solebant
1257 3398 1440 3457 venire
1482 3399 1566 3451 bis
1606 3399 1662 3451 in
1707 3418 1848 3452 anno
1891 3401 1960 3453 ad
2003 3401 2136 3453 duas
2163 3418 2387 3469 magnas

467 3491 656 3529 CAun.
684 3493 809 3530 soc.
2059 3502 2096 3540 Q
