2774 3952
111 578 353 626 Responsum

109 632 273 669 abbatis.

111 755 328 793 Edwardus
346 767 428 794 rex.

104 1087 134 1124 1.
161 1086 400 1124 willielmus

105 1153 189 1179 rex.

101 1359 160 1397 11.
183 1359 434 1400 Willielmus.

101 1602 136 1640 1.
160 1601 373 1651 Henricus,

100 1656 305 1703 Ricardus,

99 1710 126 1747 J
129 1710 315 1757 ohannes,

98 1775 220 1813 reges.

96 1859 177 1898 111.
196 1859 406 1900 Hem-icus.

91 3320 438 3377 (fol.lxxxvi2’i.r⁰.)

92 3395 330 3445 Kyrketona.

1010 455 1363 491 cuRONmON
1396 457 1940 495 PETROBURGENSE.
2412 451 2481 497 43

554 576 634 630 Et'
652 577 817 630 abbas
843 579 994 632 venit
1029 588 1084 632 et
1110 581 1350 634 defendit
1369 583 1459 651 jus
1499 601 1657 634 suum
1685 585 1920 652 quando,
1944 591 2047 636 etc.
2075 592 2129 637 et
2155 585 2292 636 dixit
2335 588 2480 655 quod

480 663 699 716 domino
726 664 835 732 regi
861 665 1007 716 nulla
1033 667 1293 735 competit
1317 667 1462 719 accio
1488 667 1544 718 in
1575 667 1679 719 hoc
1705 685 1863 720 casu„
1924 669 2081 721 Dixit
2126 677 2306 722 autem
2334 673 2478 740 quod

480 759 697 799 sanctus
742 748 1071 801 Eadwardus
1114 768 1208 802 rex
1251 751 1445 820 Anglie
1506 751 1655 802 dedit
1707 752 2011 820 predictum
2062 755 2359 806 manerium
2411 757 2477 808 de

479 832 699 885 Scotere
744 852 865 885 cum
916 835 1262 902 pertinenciis
1313 835 1526 887 cuidam
1577 836 1811 899 Lefri00,
1852 837 2123 904 quondam
2176 837 2359 890 abbati
2410 840 2476 892 de

478 919 661 987 Burgo
702 919 872 971 sancti
914 920 1077 983 Petri,
1104 921 1469 989 predecessori
1509 920 1651 972 illius
1692 920 1920 985 abbatis,
1946 939 2042 990 per
2077 931 2275 974 cartam
2304 942 2474 990 suam,

476 1023 634 1073 quam
662 1005 882 1074 profert,
908 1012 962 1056 et
988 1023 1089 1074 que
1114 1005 1217 1057 hoc
1242 1005 1385 1057 idem
1411 1013 1657 1058 testatur.

548 1091 624 1141 Et
673 1090 801 1141 dicit
845 1089 989 1158 quod
1039 1098 1228 1159 postea
1273 1090 1585 1143 Willelmus
1646 1091 1989 1161 Conquestor
2031 1093 2224 1162 Anglie
2270 1095 2472 1146 donum

473 1174 607 1226 illud
651 1175 990 1228 confirmavit
1028 1194 1125 1245 per
1168 1184 1368 1228 cartam
1409 1196 1579 1242 suam,
1620 1196 1780 1247 quam
1821 1179 2041 1247 profert,
2085 1187 2139 1231 et
2183 1198 2285 1248 que
2327 1179 2471 1232 idem

533 1269 583 1311 st
708 1300 721 1312 .

475 1268 528 1313 te
546 1269 794 1399 Egitudicit
820 1347 964 1416 quod
987 1346 1296 1399 Willelmus
1333 1347 1474 1398 filius
1520 1348 1763 1416 ejusdem
1790 1348 2049 1401 Willelmi
2090 1350 2294 1402 donum
2338 1350 2472 1402 illud

474 1431 718 1484 similiter
743 1432 1081 1484 confirmavit
1117 1450 1213 1502 per
1250 1439 1452 1484 cartam
1498 1450 1668 1497 suam,
1695 1451 1855 1502 quarn
1896 1434 2117 1502 profert,
2144 1442 2198 1486 et
2224 1453 2326 1503 que
2366 1435 2471 1487 hoc

471 1516 612 1569 idem
640 1525 883 1569 testatur.

544 1602 620 1654 Et
645 1602 775 1655 dicit
809 1602 954 1672 quod
978 1603 1248 1655 Henricus
1268 1621 1363 1656 rex
1385 1621 1570 1668 senex,
1591 1603 1853 1655 Ricardus
1873 1603 2014 1655 filius
2036 1605 2171 1674 erS,
2187 1604 2224 1657 J
2228 1606 2468 1658 ohannes

469 1687 632 1740 frater
681 1689 815 1757 ejus,
841 1707 990 1758 reges
1035 1689 1244 1758 Anglie,
1285 1689 1590 1758 predictum
1636 1689 1840 1742 donum
1882 1690 2336 1743 confirmaverunt
2375 1709 2471 1759 per

469 1781 657 1839 cartaS,
685 1793 815 1843 quas
841 1775 1062 1844 profert,
1089 1793 1190 1844 que
1215 1776 1320 1827 hoc
1345 1776 1489 1827 idem
1515 1783 1801 1828 testantur.

542 1859 736 1911 Postea
761 1860 967 1928 profert
992 1867 1192 1912 cartam
1219 1860 1425 1911 domini
1454 1860 1678 1911 Henrici
1707 1860 1863 1929 regiS,
1890 1860 2057 1929 patris
2085 1860 2290 1912 domini
2327 1861 2466 1929 regis

466 1963 629 2010 nunc,
656 1945 722 1996 de
753 1945 1186 2010 confirmacione,
1218 1964 1320 2016 que
1354 1953 1587 1998 testatur
1613 1947 1758 2015 quod
1794 1946 1940 1998 idem
1980 1965 2075 1999 rex
2118 1946 2386 1999 concessit
2411 1955 2466 1998 et

465 2040 608 2083 carta
635 2050 730 2083 sua
756 2031 1093 2084 confirmavit
1130 2033 1251 2084 Deo
1278 2039 1333 2083 et
1363 2031 1520 2083 beato
1549 2032 1708 2084 Petro
1737 2041 1791 2084 et
1817 2032 2142 2084 monasterio
2170 2033 2235 2083 de
2263 2032 2464 2100 Burg0‚

463 2115 644 2168 abbati
669 2124 724 2168 et
749 2117 992 2185 ejusdem
1017 2117 1122 2168 loci
1147 2117 1455 2180 conventui,
1482 2117 1779 2169 manerium
1808 2118 1874 2169 de
1914 2118 2132 2169 Scotere
2158 2117 2214 2167 in
2240 2116 2463 2168 liberam

463 2211 518 2252 et
557 2209 871 2270 perpetuam
916 2201 1282 2253 elemosinam.
1375 2202 1579 2252 Datum
1625 2202 1768 2271 apud
1802 2202 2202 2254 Windlesoram
2243 2201 2334 2253 xii.
2376 2201 2462 2253 die

462 2286 630 2351 Junii,
669 2304 812 2338 anno
847 2286 997 2355 regni
1038 2286 1120 2337 sui
1163 2286 1381 2338 xxxvii0.
1458 2288 1533 2338 Et
1560 2287 1690 2340 dicit
1716 2288 1860 2357 quod
1886 2288 2002 2357 ipse
2029 2295 2084 2339 et
2109 2305 2296 2340 omnes
2341 2305 2462 2355 pre-

462 2371 768 2423 decessores
811 2371 894 2422 sui
937 2390 968 2422 a
1006 2379 1250 2440 tempore
1277 2372 1448 2424 sancti
1473 2373 1757 2424 Eadwardi
1798 2373 2090 2442 supradicti
2132 2391 2228 2442 per
2255 2373 2460 2423 donum

459 2455 592 2508 illud
637 2456 751 2507 sine
795 2456 969 2526 aliqua
1006 2456 1404 2525 interrupcione
1441 2457 1662 2508 fuerunt
1702 2457 1759 2509 in
1799 2457 2068 2526 seysinam
2108 2459 2174 2509 de
2217 2456 2459 2525 predicto

460 2542 715 2607 maneri0‚
740 2542 846 2594 nisi
870 2542 1062 2594 fuisset
1085 2549 1327 2611 tempore
1365 2560 1552 2611 guerre
1578 2543 1665 2594 vel
1690 2551 1934 2612 tempore
1959 2542 2279 2606 vacacionis,
2305 2550 2367 2593 ut
2393 2542 2459 2594 de

458 2628 618 2680 feodo
645 2634 700 2680 et
739 2628 858 2696 jure
884 2627 1104 2680 ecclesie
1131 2645 1225 2679 sue
1251 2628 1507 2697 predicte.
1581 2629 1659 2680 Et
1698 2629 1841 2681 unde
1875 2629 2079 2698 precise
2106 2628 2348 2681 defendit
2367 2629 2456 2696 jus

457 2714 627 2783 ipsius
668 2713 873 2766 domini
914 2713 1054 2782 regis
1099 2721 1154 2765 et
1193 2714 1464 2780 seisinam,
1491 2721 1547 2766 et
1586 2722 1782 2778 totum,
1808 2722 1908 2767 etc.
1984 2715 2061 2766 Et
2101 2713 2257 2784 ponit
2301 2731 2356 2764 se
2400 2713 2457 2765 in

450 2799 683 2868 juratam
744 2799 915 2868 patrie
981 2799 1101 2851 loco
1160 2818 1354 2869 magne
1415 2799 1582 2852 assise
1649 2800 1853 2852 domini
1916 2800 2055 2869 regis
2124 2799 2456 2868 capiendam.

456 2883 532 2935 Et
574 2884 712 2954 petit
753 2885 1036 2938 recordum
1075 2884 1208 2949 fieri,
1251 2893 1431 2936 utrum
1489 2884 1606 2953 ipse
1656 2885 1832 2953 majus
1867 2885 1958 2954 jus
1999 2884 2195 2936 habeat
2237 2885 2458 2936 tenendi

454 2969 756 3036 predictum
783 2969 1081 3021 manerium
1107 2969 1174 3021 de
1202 2968 1439 3033 Scotere,
1466 2968 1607 3020 sicut
1632 2969 1765 3020 illud
1799 2976 1966 3033 tenet,
1995 2987 2155 3037 quam
2182 2968 2455 3037 predictus

454 3070 572 3118 rex,
599 3061 700 3106 etc.
775 3055 853 3106 Et
878 3054 991 3106 dies
1019 3054 1176 3105 datus
1205 3061 1289 3106 est
1332 3054 1420 3105 hic
1461 3072 1492 3105 a
1532 3053 1617 3106 die
1645 3054 1849 3107 Pasche
1885 3054 1943 3106 in
1981 3073 2151 3105 unum
2196 3071 2455 3106 mensem.

458 3136 534 3188 Et
556 3138 772 3190 interim
796 3139 1127 3208 loquendum
1162 3157 1284 3190 cum
1331 3138 1551 3190 domino
1596 3156 1719 3207 rege
1766 3138 1811 3190 si
1853 3139 1970 3207 ipse
2015 3155 2202 3207 capere
2228 3137 2457 3190 voluerit

457 3219 867 3289 inquisicionem
893 3232 1080 3276 contra
1103 3224 1306 3275 factum
1332 3230 1416 3274 tot
1440 3222 1881 3291 predecessorum
1909 3240 2148 3286 suorum,
2173 3230 2273 3274 etc.

533 3309 554 3370 l
576 3306 700 3359 Quo
725 3316 979 3360 warento.

536 3390 676 3443 Item
703 3392 893 3445 eodem
918 3400 1163 3461 tempore
1208 3392 1373 3444 abbas
1402 3393 1767 3445 summonitus
1794 3394 1896 3445 fuit
1931 3410 2110 3445 coram
2147 3389 2456 3459 justiciariis
