2774 3952
108 1007 201 1058 (sol.
221 1019 283 1045 ατ.
305 1007 382 1054 v0.)

108 2130 234 2167 Aliud
253 2131 368 2167 breve
388 2130 438 2167 de

106 2186 357 2233 reparacione

107 2239 211 2275 muri
230 2239 337 2286 parci

108 2292 145 2329 N
148 2292 392 2330 orhamtonie
398 2319 407 2330 .

1001 452 1355 492 cHRonON
1386 454 1924 494 PETROBURGENSE.
2402 441 2470 488 53

474 576 653 627 omnia
691 577 928 630 dominia
970 599 1065 632 sua
1114 601 1210 651 per
1253 592 1423 635 cartas
1462 583 1868 653 progenitorum
1905 587 2219 633 nostrorum
2259 579 2470 647 Regum

473 662 684 731 Anglie,
726 683 855 733 quas
899 665 1253 735 inspeximUS,
1296 668 1479 738 quieta
1522 687 1640 721 esse
1691 667 1923 719 debeant
1971 672 2027 717 et
2075 672 2301 716 actenus
2353 682 2471 715 esse

475 759 869 802 consueverunt
907 770 1003 820 per
1045 760 1224 805 toturn
1249 772 1475 822 regnum
1514 761 1760 805 nostrum
1807 753 1872 804 de
1918 750 2173 803 omnibus
2218 748 2472 819 operibus

472 851 755 901 parcorum
782 844 836 888 et
860 838 1116 890 clausuris
1143 838 1591 908 quibuscumque,
1623 846 1685 890 tu
1709 837 1990 890 occasione
2017 836 2297 906 cujusdam
2324 854 2474 887 man-

474 919 584 970 dati
609 921 780 973 nostri
806 921 905 974 tibi
932 923 1118 975 directi
1158 924 1224 975 de
1251 923 1621 993 distringendo
1657 941 1845 975 omnes
1883 922 2004 974 illos
2052 921 2118 973 de
2143 921 2338 973 balliva
2363 928 2473 984 tua,

474 1003 566 1072 qui
589 1023 803 1057 murum
829 1006 972 1075 parci
1002 1006 1175 1058 nostri
1190 1011 1211 1072 l
1238 1007 1634 1060 Norhamtonie
1659 1008 1833 1060 facere
1872 1006 2072 1058 debent
2099 1012 2154 1057 et
2179 1023 2474 1058 consueve-

474 1097 602 1141 runt
627 1090 694 1141 ad
719 1091 1007 1143 fracturam
1045 1092 1287 1161 ejusdem
1315 1092 1455 1144 muri
1479 1093 1850 1162 reparandam,
1893 1091 2196 1162 predictum
2223 1091 2473 1143 abbatem

475 1181 531 1225 et
556 1175 793 1228 dominia
819 1195 916 1229 sua
948 1177 1016 1228 ad
1042 1177 1329 1230 fracturam
1374 1179 1515 1230 muri
1558 1178 1786 1248 predicti
1819 1178 2172 1247 reparandam
2198 1176 2473 1246 distringis

477 1266 533 1310 et
574 1259 837 1329 inquietas
887 1261 1069 1314 minus
1106 1263 1255 1331 juste
1304 1263 1361 1314 in
1404 1263 1575 1332 ipsius
1620 1264 1917 1333 dampnum
1955 1281 2066 1314 non
2108 1262 2382 1314 modicum
2418 1270 2475 1313 et

475 1363 779 1413 gravamen.
853 1347 930 1399 Et
954 1348 1079 1417 quia
1114 1348 1369 1400 nolumus
1396 1349 1540 1418 quod
1575 1348 1749 1401 eidem
1775 1348 1957 1401 abbati
1981 1348 2267 1417 injurietur
2292 1347 2349 1399 in
2374 1347 2475 1399 hac

477 1438 664 1499 parte3
703 1431 802 1483 tibi
826 1433 1154 1503 precipimus
1181 1434 1326 1504 quod
1366 1435 1599 1487 eundem
1630 1433 1891 1486 abbatem
1932 1441 1987 1486 et
2011 1433 2249 1486 dominia
2275 1451 2372 1484 sua
2409 1432 2476 1484 de

476 1516 816 1584 reparacione
840 1517 1070 1570 fracture
1107 1518 1346 1588 predicte
1387 1518 1566 1587 quieta
1604 1537 1722 1571 esse
1756 1517 2054 1587 permittas,
2128 1517 2204 1568 Et
2230 1524 2475 1569 tenentes

476 1619 604 1652 suos
631 1601 697 1653 de
738 1601 932 1655 balliva
957 1611 1067 1668 tua,
1095 1604 1187 1673 qui
1221 1622 1317 1674 per
1342 1611 1513 1656 cartas
1539 1605 1806 1674 predictas
1833 1602 2188 1673 quietanciam
2213 1603 2340 1654 inde
2366 1620 2477 1654 non

473 1684 715 1751 habent3
762 1687 1050 1758 distringas
1095 1689 1163 1740 ad
1206 1688 1606 1758 reparacionem
1655 1689 1886 1740 fracture
1923 1687 2163 1757 predicte
2201 1705 2299 1755 pro
2349 1705 2476 1757 por-

473 1771 718 1824 cionibus
767 1772 916 1841 ipsos
979 1773 1417 1844 contingentibus
1467 1774 1784 1827 faciendam.
1857 1775 2021 1826 Teste
2061 1773 2269 1843 meipso
2332 1773 2476 1843 apud

473 1857 1043 1912 Westmonasterium.

547 1932 909 2013 Impetraturn
932 1952 1016 1997 est
1053 1945 1199 1997 aliud
1225 1945 1387 1998 breve
1427 1964 1524 2015 pro
1569 1945 1882 1998 hominibus
1924 1945 1991 1997 de
2018 1945 2198 1997 Nasso
2236 1943 2337 1995 sub
2375 1943 2475 1996 hac

473 2028 743 2082 forma:—

549 2116 668 2167 Rex
692 2116 996 2168 vicecomiti
1022 2117 1417 2170 Norhamtonie
1445 2118 1691 2169 salutem.
1770 2117 1911 2169 Cum
1954 2133 2127 2184 nuper
2166 2113 2266 2166 tibi
2290 2132 2470 2184 prece·

479 2199 716 2268 perimus
743 2199 889 2268 quod
923 2218 1113 2252 omnes
1152 2200 1273 2253 illos
1307 2201 1364 2252 in
1389 2201 1587 2254 balliva
1612 2208 1722 2264 tua,
1761 2201 1853 2269 qui
1879 2199 1946 2250 ad
1991 2199 2290 2251 clausuram
2328 2199 2472 2270 parci

477 2284 648 2337 nostri
699 2284 765 2335 de
809 2284 1205 2337 Norhamtonia
1263 2294 1319 2338 et
1366 2286 1764 2355 reparacionem
1828 2284 1967 2336 muri
2022 2284 2265 2353 ejusdem
2327 2284 2474 2353 parci

476 2377 807 2435 tenerentur,
849 2369 1195 2440 distringeres
1222 2371 1287 2422 ad
1326 2372 1586 2424 fracturas
1627 2371 1871 2441 ejusdem
1897 2369 2335 2439 redintegrandas
2372 2387 2472 2438 pro

475 2455 819 2526 porcionibus
865 2455 993 2521 suis,
1039 2457 1179 2508 sicut
1226 2457 1331 2526 ipsi
1376 2465 1431 2510 et
1470 2476 1655 2510 eorum
1701 2464 2065 2509 antecessores
2109 2456 2258 2524 prius
2302 2455 2473 2507 facere

476 2548 889 2606 consueverunt,
929 2559 989 2593 ac
1030 2541 1257 2594 dilectus
1292 2542 1449 2595 nobis
1484 2543 1541 2602 in
1570 2542 1789 2595 Christo
1810 2541 1975 2593 abbas
2002 2541 2068 2593 de
2096 2541 2277 2609 Burgo
2304 2540 2475 2593 sancti

478 2628 623 2681 Petri
648 2635 819 2680 cartas
844 2627 1290 2696 predecessorum
1315 2637 1626 2681 nostrorum
1653 2629 1863 2698 Regum
1888 2627 2084 2696 Anglie
2110 2644 2289 2679 coram
2315 2625 2473 2678 nobis

475 2713 775 2784 protulerit,
817 2730 915 2782 per
957 2731 1090 2782 quas
1134 2713 1252 2784 ipse
1297 2722 1353 2767 et
1396 2721 1643 2767 tenentes
1696 2714 1779 2765 sui
1827 2713 1966 2765 infra
2015 2713 2256 2764 Nassum
2307 2712 2474 2780 Burgi

475 2799 703 2868 predicti
747 2798 813 2850 de
850 2798 1104 2851 omnibus
1149 2797 1402 2868 operibus
1442 2816 1726 2868 parcorum
1770 2805 1826 2850 et
1864 2797 2256 2849 clausturarum
2306 2797 2474 2866 quieti

477 2903 598 2939 esse
657 2883 858 2937 debent
877 2905 891 2950 3
955 2884 1055 2936 tibi
1119 2884 1446 2955 precipimus
1498 2884 1644 2953 quod
1693 2883 1996 2953 predictum
2062 2882 2314 2934 abbatem
2380 2893 2475 2935 aut

476 2975 725 3021 tenentes
753 2986 880 3020 suos
908 2968 1048 3020 infra
1074 2969 1313 3020 Nassum
1342 2969 1509 3037 Burgi
1552 2967 1778 3037 predicti
1819 2967 1886 3019 ad
1911 2965 2309 3035 reparacionem
2336 2968 2475 3020 muri

478 3054 623 3124 parci
670 3053 897 3124 predicti
931 3072 1043 3106 non
1081 3054 1386 3123 distringaS,
1433 3054 1528 3106 sed
1572 3071 1761 3106 ornnes
1805 3053 1937 3105 alios
1976 3059 2224 3104 tenentes
2263 3070 2390 3104 suos
2417 3053 2472 3104 in

477 3140 671 3192 balliva
714 3140 954 3210 predicta
997 3140 1088 3210 qui
1132 3141 1198 3192 ad
1238 3139 1637 3209 reparacionem
1677 3139 1971 3208 predictam
2018 3144 2287 3202 tenentur,
2326 3156 2471 3189 com-

479 3226 645 3293 pellas
688 3227 755 3278 ad
782 3245 994 3278 murum
1033 3226 1178 3295 parci
1214 3226 1357 3277 illius
1401 3225 1758 3294 reparandum
1793 3225 1948 3294 juxta
1991 3224 2216 3276 formam
2254 3222 2470 3273 alterius

479 3310 717 3362 mandati
759 3312 930 3365 nostri
956 3312 1056 3364 tibi
1079 3312 1205 3365 inde
1233 3311 1438 3364 directi.
1511 3312 1674 3364 Teste
1708 3311 1816 3362 xxi.
1845 3310 1929 3383 die
1958 3307 2282 3362 Novembris
2327 3325 2468 3358 anno

480 3395 703 3448 decimo·
