2774 3952
77 946 180 997 (fol.
195 948 306 989 xiiii.
326 950 400 1002 vo.)

64 1747 166 1802 (fol.
185 1764 250 1792 τευ.
268 1754 345 1805 2⁸⁰.)

1287 495 1620 532 APPEme.
2350 477 2474 532 169'

445 615 490 653 in
509 614 720 654 Sibertona
738 621 777 655 et
796 617 958 657 Ettona.
1017 619 1211 659 Ricardus
1227 621 1341 660 heres
1369 622 1567 661 Anketilli
1584 622 1726 672 genuit
1746 620 1979 661 Galfridum'
1998 621 2050 660 de
2070 621 2218 660 Sancto
2245 622 2452 671 Meam-do,

447 687 487 721 et
506 683 721 734 Hugonem
742 685 872 733 Ridel‚
892 687 941 724 de
957 686 1122 725 Mabilla
1142 688 1273 727 Ridel.
1330 689 1411 727 Iste
1427 689 1633 727 Galfridus
1646 689 1789 739 genuit
1808 689 1988 726 Petrum.
2047 688 2189 726 Petrus
2199 690 2340 738 genuit
2355 689 2453 727 Gal-

444 750 608 790 fridum.
664 753 744 790 Iste
758 754 835 791 fuit
853 755 895 791 in
909 755 1089 792 custodia
1109 756 1263 793 abbatis
1283 755 1505 802 Benedicti,
1521 755 1592 804 qui
1610 760 1746 805 postea
1765 754 1843 793 fuit
1861 755 2050 804 leprosus,
2066 759 2106 792 et
2124 756 2265 805 genuit
2285 756 2450 794 Petrum

445 820 515 868 qui
534 820 610 858 fuit
629 821 671 858 in
691 822 869 860 custodia
885 824 1040 861 abbatis
1057 823 1236 862 Acharii,
1294 824 1374 862 Iste
1409 824 1551 862 Petrus
1578 824 1720 873 genuit
1753 822 1985 862 Galfridum
2018 823 2089 873 qui
2108 823 2185 861 fuit
2204 823 2246 860 in
2266 825 2448 862 custodia

446 886 615 926 Abbatis
634 887 866 939 Martini.)*

464 954 474 1006 1
499 955 693 994 Ricardus
712 957 894 1007 Enganie
915 957 973 997 .ii.
993 959 1101 998 hidae
1120 959 1163 996 in
1192 959 1510 1006 Hamtonascira‚
1530 963 1570 997 et
1597 958 1717 996 servit
1734 970 1809 1007 pro
1840 958 1886 997 .i.
1906 958 2046 998 milite.
2104 957 2185 997 Sed
2217 960 2445 998 socemanni

440 1023 593 1061 faciunt
611 1029 792 1073 quartam
810 1030 963 1075 partem
981 1027 1130 1075 militis,
1145 1031 1185 1065 et
1203 1028 1286 1077 ipse
1307 1027 1379 1066 .iii.
1400 1031 1531 1076 partes
1549 1027 1670 1064 unius
1689 1026 1843 1065 militis.

495 1089 689 1140 Rogerius
702 1091 842 1130 Infans
854 1097 964 1131 tenet
974 1093 1016 1130 in
1032 1093 1336 1132 Hamtonascira
1352 1094 1437 1132 .xii.
1458 1095 1586 1141 hidas,
1602 1099 1641 1132 et
1653 1094 1747 1131 inde
1761 1094 1880 1131 servit
1898 1105 1940 1131 se
1957 1093 2024 1131 ,vi.
2039 1093 2228 1141 militum,
2243 1099 2282 1132 et
2293 1094 2442 1132 calum-

438 1159 574 1196 niatur
590 1171 631 1197 se
648 1172 731 1198 esse
748 1162 989 1200 minoratum
1007 1163 1058 1200 de
1079 1163 1122 1201 .i.
1143 1163 1239 1200 hida
1253 1168 1292 1201 et
1309 1163 1475 1200 dimidia
1493 1163 1535 1199 in
1555 1163 1760 1210 Codestoc,
1775 1166 1814 1200 et
1833 1163 1875 1198 in
1895 1162 2104 1199 Lindeseia
2124 1163 2166 1200 .i.
2184 1168 2443 1202 carrucatam.

493 1227 583 1266 Viel
602 1229 784 1279 Enganie
801 1242 852 1268 en
870 1230 975 1280 Torp
997 1231 1068 1270 .iii.
1089 1232 1209 1281 virgae
1227 1236 1267 1269 et
1286 1243 1336 1269 en
1365 1231 1596 1281 Haragrava
1614 1231 1780 1269 dimidia
1798 1231 1907 1278 hida,
1927 1235 1966 1269 et
1996 1243 2046 1268 en
2078 1231 2250 1270 Pihtesle
2280 1232 2375 1269 hida
2402 1237 2442 1270 et

438 1295 616 1343 dimidia,
635 1301 675 1334 et
696 1297 739 1335 .i.
760 1297 941 1347 virga„et
959 1299 1168 1336 servicium
1187 1311 1259 1347 pro
1280 1299 1324 1337 .i.
1344 1298 1485 1336 milite.

493 1362 704 1402 Gosfridus
730 1377 853 1415 nepos
881 1365 1050 1405 Abbatis
1081 1371 1192 1405 tenet
1215 1367 1323 1405 xviii.
1357 1366 1473 1404 hidas
1502 1354 1544 1404 in
1583 1366 1906 1414 Hamtonascira‚
1945 1371 1986 1404 et
2018 1366 2114 1404 inde
2145 1367 2266 1405 servit
2293 1378 2335 1404 se
2371 1366 2442 1405 .iii.

437 1431 625 1472 militum.
1596 1437 1600 1441 '

489 1500 700 1540 Aseelinus
717 1502 768 1540 de
787 1501 1036 1541 Waltervilla
1051 1507 1162 1541 tenet
1181 1502 1282 1542 ‚xiii.
1302 1502 1430 1550 hidas,
1450 1507 1489 1540 et
1507 1503 1560 1540 .ii.
1580 1507 1711 1552 partes
1728 1502 1771 1540 .i.
1793 1502 1928 1551 virgae,
1951 1507 1990 1540 et
2009 1503 2103 1540 inde
2122 1503 2241 1540 servit
2259 1513 2300 1541 se
2318 1502 2442 1540 tercio

436 1568 577 1608 milite.

490 1636 544 1674 Et
561 1641 705 1686 praeter
721 1637 796 1675 hoc
813 1641 924 1676 tenet
943 1638 986 1676 .i.
1007 1638 1144 1675 hidam
1163 1642 1203 1676 et
1223 1639 1266 1678 .i.
1288 1639 1439 1688 virgam
1457 1642 1572 1676 terrae
1589 1650 1663 1688 pro
1684 1650 1742 1676 .x.
1764 1637 1899 1676 solidis
1917 1649 2017 1687 quos
2034 1637 2168 1676 reddit
2186 1637 2238 1675 ad
2256 1636 2379 1674 altare
2398 1636 2442 1674 in

435 1701 502 1739 die
519 1701 742 1740 festivitatis
760 1703 899 1741 Sancti
918 1702 1143 1741 Michaelis.

456 1766 466 1820 Ι
490 1767 718 1807 Willelmus
737 1769 787 1807 de
806 1770 980 1819 Burgele
998 1770 1070 1808 .iii.
1088 1770 1203 1807 hidas
1223 1774 1262 1807 et
1281 1770 1318 1808 .i.
1335 1770 1488 1820 virgam
1507 1774 1547 1807 et
1567 1769 1776 1807 dimidiam
1794 1770 1838 1806 in
1859 1769 2177 1817 Hamtonascira,
2199 1773 2238 1807 et
2256 1769 2299 1806 in
2319 1768 2439 1806 Lero-

433 1838 661 1876 cestrascira
679 1838 885 1876 dimidiam
902 1839 1041 1876 hidam
1059 1840 1111 1877 ad
1130 1839 1340 1877 servicium
1361 1839 1412 1876 de
1432 1839 1582 1885 Buroh,
1606 1843 1645 1877 et
1664 1839 1810 1876 elamat
1828 1839 2130 1887 praeposituram
2149 1839 2199 1875 de
2225 1838 2441 1876 Stanforda

486 2177 684 2216 Radulfus
698 2179 748 2216 de
766 2179 805 2215 la
824 2179 936 2216 Mare
954 2178 1013 2216 .ii.
1035 2178 1150 2215 hidas
1169 2183 1208 2216 et
1227 2178 1436 2215 dimidiam
1455 2178 1498 2215 in
1527 2177 1846 2227 Hamtonascira,
1874 2181 1914 2216 et
1935 2177 1993 2216 .ii.
2015 2182 2242 2216 carrucatas
2259 2181 2299 2216 et
2318 2176 2436 2214 dimi-

433 2245 541 2282 diam
559 2246 602 2283 in
621 2246 929 2295 Lincolnescira,
948 2251 987 2284 et
1006 2246 1101 2284 inde
1119 2246 1238 2283 servit
1255 2258 1297 2283 se
1314 2246 1386 2284 .iii.
1403 2245 1545 2284 milite.

486 2414 513 2439 ³*
540 2418 610 2455 All
628 2418 812 2456 enclosed
830 2419 1010 2456 between
1028 2417 1212 2455 brackets
1230 2417 1263 2455 is
1280 2429 1305 2455 a
1322 2417 1423 2455 later
1439 2417 1621 2455 addition
1636 2417 1680 2455 of
1687 2417 1755 2455 the
1769 2417 1873 2456 time*
1884 2417 1927 2455 of
1942 2417 2042 2467 king
2057 2417 2196 2467 Henry
2207 2418 2276 2456 the
2294 2418 2435 2466 Third,

430 2498 646 2536 asappears
658 2487 710 2535 by
723 2486 792 2524 the
805 2486 983 2523 mention
995 2486 1039 2523 of
1047 2485 1196 2523 Martin
1211 2486 1261 2523 de
1275 2485 1453 2534 Ramsey,
1469 2485 1614 2522 second
1629 2485 1673 2523 of
1682 2485 1750 2523 the
1766 2497 1897 2532 name,
1911 2484 2048 2523 Abbot
2062 2485 2105 2523 of
2117 2485 2431 2535 Peterborough.

431 2554 483 2592 In
500 2555 569 2592 the
586 2554 736 2603 history
753 2555 798 2592 of
811 2554 880 2592 the
898 2558 1122 2602 monastery
1141 2553 1186 2591 of
1202 2553 1342 2602 Burgh
1370 2554 1422 2602 by
1443 2553 1569 2602 Hugh
1599 2553 1819 2600 Candidus,
1838 2565 1878 2602 p.
1898 2552 1966 2600 53,
1987 2565 2048 2590 we
2066 2553 2166 2590 have
2185 2554 2211 2574 “
2227 2552 2433 2591 Galfridus

431 2622 482 2660 de
501 2622 648 2661 Sancto
668 2622 862 2660 Medardo
880 2626 989 2660 tenet
1003 2622 1054 2659 de
1073 2621 1219 2659 Sancto
1232 2621 1351 2659 Petro
1371 2626 1411 2659 et
1430 2622 1479 2659 de
1492 2622 1636 2659 abbate
1655 2625 1694 2659 et
1713 2625 1913 2659 conventu
1932 2621 1982 2659 de
2002 2621 2139 2658 Burch
2157 2621 2200 2658 in
2219 2621 2432 2659 Northam-

429 2695 608 2739 tonesyre
620 2690 756 2728 decem
771 2690 907 2739 hydas,
926 2694 966 2728 et
983 2694 1062 2727 tres
1078 2694 1208 2738 partes
1225 2689 1346 2726 unius
1357 2689 1517 2738 virgatae
1531 2693 1660 2735 terrae,
1674 2688 1826 2726 scilicet
1839 2688 1882 2725 in
1893 2687 2175 2735 Thornhauue,
2189 2687 2433 2739 Weteringe,

431 2758 651 2806 Sibertone,
680 2763 720 2796 et
748 2759 907 2805 Ettone,
936 2763 975 2796 et
992 2758 1243 2807 pertinentiis
1267 2769 1415 2795 eorum.
1472 2757 1526 2794 Et
1554 2757 1596 2794 in
1630 2756 1909 2805 Lincolnesyre
1940 2762 2021 2794 tres
2050 2761 2272 2794 carrucatas
2302 2762 2432 2804 terrae,

427 2827 576 2865 scilicet
595 2827 637 2864 in
657 2827 868 2876 Angoteby
887 2831 926 2864 et
944 2826 1192 2875 pertinentiis
1209 2826 1303 2872 suis,
1322 2830 1362 2863 et
1380 2825 1475 2863 inde
1494 2825 1589 2862 facit
1607 2825 1771 2874 plenum
1790 2824 1994 2862 servitium
2005 2836 2076 2861 sex
2094 2824 2309 2862 militum.”
2363 2825 2430 2863 He

426 2894 523 2932 then
541 2895 672 2943 copies
702 2894 781 2931 this
798 2893 1044 2943 manuscript
1072 2905 1115 2931 as
1132 2897 1174 2930 to
1193 2892 1304 2941 King
1323 2891 1514 2930 William.
1571 2891 1714 2928 Under
1731 2892 1756 2911 ‘⁶
1767 2891 1925 2927 Primus
1943 2890 2124 2928 feoffatus
2142 2890 2362 2929 Asketillus
2381 2892 2433 2930 de

425 2960 574 2999 Sancto
586 2960 821 3006 Medardo,”
835 2959 961 3009 Hugh
981 2959 1188 2997 Candidus
1201 2958 1272 2995 has
1285 2958 1426 3006 copied
1440 2958 1520 2995 this
1539 2957 1723 2995 enclosed
1737 2958 1898 3007 portion
1913 2957 1955 2994 in
1970 2957 2024 2994 all
2042 2962 2214 3007 respecta
2228 2970 2319 2996 save
2339 2970 2429 3006 one,

424 3027 594 3076 namely,
605 3028 674 3065 the
691 3027 949 3065 substitution
964 3027 1009 3064 of
1014 3027 1082 3064 the
1096 3037 1213 3062 name
1225 3025 1270 3062 of
1280 3024 1459 3062 Matthaei
1473 3025 1535 3061 for
1549 3023 1727 3071 Martini,
1747 3024 1950 3062 doubtless
1961 3037 2014 3062 an
2033 3036 2142 3063 error
2160 3025 2205 3063 of
2218 3025 2286 3063 the
2304 3037 2426 3075 presa.

425 3094 510 3132 The
527 3095 731 3144 following
749 3099 862 3144 entry
880 3107 990 3144 upon
1009 3094 1078 3132 the
1098 3093 1189 3131 Roll
1209 3093 1252 3130 of
1266 3093 1335 3130 the
1354 3092 1598 3141 Exohequer
1615 3092 1660 3130 of
1674 3092 1742 3130 the
1761 3093 1989 3142 thirty-first
2006 3105 2100 3142 year
2117 3093 2162 3131 of
2175 3094 2244 3131 the
2261 3094 2373 3142 reign
2389 3092 2434 3130 of

426 3161 537 3210 King
548 3160 687 3209 Henry
697 3161 766 3198 the
783 3161 904 3209 First,
920 3161 1052 3199 under
1066 3160 1399 3207 Norhamtescira,
1413 3161 1627 3198 ascertains
1640 3160 1709 3198 the
1721 3160 1818 3198 time
1831 3160 1875 3198 of
1882 3161 1951 3198 the
1963 3161 2124 3199 decease
2136 3161 2180 3198 of
2190 3160 2364 3197 Richard
2377 3161 2428 3197 de

426 3227 542 3265 Saint
573 3226 756 3273 Medard,
773 3227 842 3265 the
868 3228 955 3266 heir
973 3227 1017 3266 of
1040 3227 1215 3265 Anketel
1241 3227 1292 3264 de
1320 3226 1435 3264 Saint
1463 3227 1631 3264 Medard
1648 3229 1742 3266 :—“
1759 3227 1986 3265 Willelmus
2010 3227 2264 3265 Flandrensis
2295 3226 2429 3265 reddit

425 3298 654 3342 compotum
682 3293 732 3330 de
753 3293 892 3333 mxxii,
911 3295 1054 3332 marcis
1071 3295 1227 3344 argenti
1254 3306 1325 3344 pro
1354 3294 1519 3332 Mabilia
1545 3307 1670 3333 uxore
1690 3295 1852 3333 Ricardi
1877 3296 1927 3333 de
1946 3295 2092 3332 Sancto
2112 3293 2304 3331 Medardo
2332 3305 2427 3332 cum

426 3364 520 3401 dote
551 3374 637 3400 sua.
705 3362 755 3399 In
773 3361 958 3400 thesauro
979 3363 1068 3401 .iiii.
1099 3363 1226 3402 librae.
1284 3363 1337 3401 Et
1370 3363 1489 3401 debet
1522 3364 1645 3402 xxvi.
1679 3375 1831 3400 marcas
1862 3361 2064 3411 argenti.”
2118 3360 2167 3397 In
2189 3360 2426 3410 Domesday,

425 3430 712 3477 Anschetillus,
723 3430 845 3467 vassal
853 3430 897 3467 of
903 3429 972 3468 the
984 3430 1120 3469 Abbot
1128 3431 1172 3469 of
1182 3431 1493 3480 Peterborough,
1501 3432 1618 3470 holds
1628 3426 2124 3481 Osgotebi(1ngoldsby)in
2138 3428 2426 3468 Lincolnshire.

500 3514 690 3550 cAMD.
718 3513 842 3549 SOC.
2153 3513 2183 3546 z
