2774 3952
114 574 296 615 Rubrics.

491 430 593 490 176
1327 448 1662 485 APPENDIX.

663 572 765 612 Haec
784 577 842 612 est
861 572 1073 624 descriptio
1091 577 1288 612 terrarum
1308 574 1491 614 Abbatiae
1511 576 1563 614 de
1582 575 1719 614 Burch
1737 575 1781 613 in
1798 575 2075 614 vicecomitatu
2097 577 2329 617 Lincolniae.

539 642 743 681 walecote
760 644 869 692 apud
884 642 1221 693 Thrikyngham*
1243 644 1300 682 .ii.
1322 650 1562 692 carrucatas,
1583 649 1623 683 et
1642 645 1851 682 dimidiam
1870 645 1914 681 in
1934 645 2112 682 dominio
2131 650 2171 684 et
2191 647 2249 685 .ii.
2270 653 2495 686 carrucatas

477 818 584 856 filius
617 819 822 866 Ricardi,”
860 821 885 839 “
902 819 1121 857 Dalintune
1136 821 1175 866 ;''
1215 820 1359 867 below,
1388 820 1564 869 opposite
1593 819 1830 857 “Ricardus
1867 818 1974 856 filius
2011 817 2245 867 Hugonis‚’'
2274 819 2494 860 “Halinalt

479 887 674 936 Papeilun
693 892 733 926 et
749 887 975 926 Willelmus
995 889 1044 926 de
1064 888 1222 926 Lisures
1237 889 1279 927 .i.
1297 889 1478 927 militem.
1520 888 1742 939 Require.''
1796 887 1986 936 Opposite
2004 887 2029 907 “
2043 886 2284 934 Wimund,''
2302 889 2326 908 ‘⁶
2342 888 2421 926 Wi.
2442 889 2493 927 de

478 955 662 994 Stokes.''
690 956 878 1005 Opposite
893 956 1160 1005 “Vivienus,''
1178 959 1286 1006 “pro
1301 957 1466 994 dimidio
1481 958 1654 995 milite.''
1681 957 1738 994 At
1748 957 1816 994 the
1831 958 1983 993 bottom
1998 955 2041 993 of
2053 956 2121 993 the
2133 967 2250 1005 page,
2267 957 2292 976 “
2304 956 2430 995 Fulco
2443 957 2493 995 de

476 1024 635 1062 Lisures
649 1025 691 1062 .i.
709 1025 891 1063 militem.
940 1025 1118 1074 Rogerus
1131 1025 1305 1075 Gargate
1321 1026 1363 1064 .i.
1381 1026 1563 1064 militem.
1615 1025 1694 1064 Wi.
1711 1026 1761 1063 de
1774 1025 1982 1074 Muscamp
1996 1025 2036 1062 .i.
2053 1024 2234 1062 militem.
2285 1025 2494 1074 Philippus

476 1093 526 1130 de
541 1092 826 1131 Armestune.’'
872 1093 1060 1142 Opposite
1078 1095 1103 1113 “
1114 1094 1312 1131 Radulfus
1323 1095 1372 1132 de
1387 1095 1570 1142 Nevile‚'’
1588 1095 1630 1131 in
1645 1095 1816 1144 margin,
1836 1095 1861 1114 ‘⁴
1872 1093 2075 1131 Nevilla.''
2121 1092 2310 1142 Opposite
2329 1095 2355 1114 “
2368 1094 2491 1144 Hugo

474 1161 675 1206 Olifard,''
695 1162 719 1181 “
732 1161 823 1198 Yvo
837 1161 879 1197 in
893 1160 1081 1199 Stokes.'’
1136 1161 1324 1211 Opposite
1342 1164 1370 1183 ‘⁴
1381 1163 1519 1200 Abbas
1530 1162 1743 1210 Turoldus,
1760 1161 2072 1208 Chirchefeud,''
2087 1161 2168 1198 and
2190 1161 2317 1199 below
2335 1163 2360 1182 ‘⁴
2373 1162 2492 1200 modo

471 1229 592 1266 habet
610 1229 754 1266 duas.''
810 1228 933 1279 Hugo
948 1229 1153 1267 Candidus
1166 1231 1297 1267 writes
1314 1242 1356 1267 as
1375 1231 1526 1268 follows
1538 1232 1632 1269 :—“
1647 1231 1709 1268 De
1730 1230 2065 1269 Luci.-—Primus
2086 1230 2283 1267 Robertus
2301 1230 2352 1267 de
2372 1230 2488 1270 Luci.

472 1298 517 1336 P.
539 1297 606 1336 59.
655 1297 798 1336 Haeres
818 1296 991 1336 Galfridi
1010 1299 1061 1336 de
1081 1299 1181 1336 Luci
1199 1303 1309 1337 tenet
1328 1300 1370 1336 in
1386 1299 1774 1347 Norhamtonescire,
1793 1300 1945 1337 scilicet
1959 1299 2001 1336 in
2017 1299 2298 1348 Daylingtone,
2317 1304 2490 1348 quatuor

469 1365 599 1412 hidas,
629 1370 669 1402 et
697 1365 792 1402 inde
810 1365 905 1403 facit
931 1366 1135 1403 servitium
1155 1366 1328 1404 duorum
1356 1367 1561 1414 militum3
1588 1372 1677 1417 post
1703 1372 1864 1416 tempus
1893 1367 2104 1404 Benedicti
2131 1367 2285 1404 abbatis
2313 1367 2488 1406 detinuit

468 1446 612 1472 unum.
670 1433 718 1472 P.
741 1433 805 1472 62.
862 1434 924 1471 De
945 1433 1387 1473 Stoke.—Wimundus
1406 1436 1456 1473 de
1473 1436 1615 1473 Stokes
1633 1440 1743 1474 tenet
1772 1436 1871 1473 duas
1888 1435 2004 1472 hidas
2023 1439 2063 1472 et
2090 1447 2213 1472 unam
2232 1435 2425 1485 virgatam
2443 1435 2486 1472 in

469 1500 627 1547 Stokes,
666 1500 871 1538 Aschtone
908 1505 948 1538 et
984 1500 1304 1551 Wermingtone,
1342 1508 1382 1540 et
1418 1503 1514 1540 inde
1547 1503 1642 1540 facit
1669 1502 1875 1540 servitium
1903 1501 2061 1538 dimidii
2088 1501 2227 1539 militis
2263 1502 2486 1539 secundum

467 1570 662 1606 rationem
679 1568 800 1605 unius
831 1568 982 1607 militis.
1042 1569 1090 1608 P.
1112 1569 1178 1608 55.
1237 1570 1299 1608 De
1319 1570 1851 1620 Bassingburne.—Primus
1871 1569 1979 1607 Vitel
2009 1569 2184 1619 Engain.
2243 1569 2486 1608 Humfridus

468 1637 519 1674 de
554 1637 850 1687 Bassingburne
869 1642 979 1675 tenet
998 1637 1114 1675 feoda
1132 1644 1304 1687 quatuor
1321 1640 1509 1686 militum,
1531 1641 1641 1677 unde
1660 1640 1754 1677 facit
1772 1639 1977 1676 servitium
2002 1639 2124 1675 unius
2142 1638 2279 1676 militis
2298 1642 2337 1676 et
2355 1623 2484 1676 unum

467 1706 715 1754 quarterium
742 1705 785 1741 in
814 1705 998 1742 Benifeld
1030 1710 1070 1743 et
1090 1705 1377 1755 Glapethorne.
1437 1706 1492 1743 Et
1510 1706 1730 1743 Mauricius
1756 1705 1806 1742 de
1825 1705 2006 1742 Aundeli
2024 1717 2154 1742 unum
2182 1705 2344 1742 feodum
2363 1706 2484 1743 unius

466 1774 604 1811 militis
623 1773 665 1810 in
685 1773 905 1820 Adintone‚
925 1777 964 1811 et
996 1773 1191 1822 Sliptone,
1223 1778 1262 1812 et
1296 1779 1479 1824 quartam
1511 1779 1666 1823 partem
1698 1774 1820 1810 11111116
1848 1773 1985 1809 1111Ιὶ116
2018 1773 2058 1809 111
2096 1773 2369 1811 Cotherstoke.
2429 1774 2483 1812 Et

464 1839 694 1878 Willelmus
712 1839 763 1876 de
783 1839 895 1876 Bello
914 1840 1035 1877 unius
1053 1841 1189 1878 militis
1203 1845 1243 1878 et
1257 1841 1414 1877 dimidii
1432 1841 1475 1877 in
1495 1840 1784 1890 Irtlingburch.
1844 1839 1897 1876 Et
1915 1850 1986 1887 per
2006 1838 2228 1876 Fulconem
2247 1839 2298 1876 de
2319 1839 2478 1878 Lisures

464 1906 650 1944 monachi
680 1906 730 1942 de
768 1905 1009 1954 Pippewelle
1046 1907 1250 1944 servitium
1287 1907 1407 1944 unius
1436 1907 1575 1944 militis
1604 1908 1654 1944 (16
1683 1919 1785 1944 110νο
1813 1912 2121 1956 occupaverunt.
2180 1906 2274 1944 Post
2310 1911 2478 1944 mortem

465 1974 651 2011 Nicholai
670 1974 721 2010 de
742 1973 1055 2022 Bassingburne,
1083 1973 1328 2011 Humfridus
1345 1974 1452 2011 filius
1471 1974 1558 2023 ejus
1576 1973 1806 2022 recognovit
1825 1977 1865 2010 et
1888 1973 1984 2010 fecit
2002 1973 2195 2010 relevium
2213 1985 2286 2022 pro
2305 1979 2479 2022 quatuor

462 2043 588 2080 feodis
606 2042 771 2091 integris
788 2041 977 2088 militum,
989 2041 1092 2078 sicut
1111 2042 1305 2090 scriptum
1320 2045 1391 2088 est,
1403 2046 1443 2078 et
1460 2041 1683 2079 secundum
1702 2046 1882 2078 tenorem
1900 2044 2101 2077 cartarum
2119 2041 2242 2089 patris
2261 2041 2324 2078 sui
2343 2054 2476 2080 coram

462 2110 599 2147 multis
619 2110 724 2156 viris,
742 2108 894 2146 66111661
912 2108 1117 2145 111011661116
1136 2113 1175 2146 61
1193 2108 1389 2146 militibus
1417 2112 1457 2145 et
1483 2107 1572 2144 aliis
1591 2107 1848 2154 secularibus,
1874 2107 2037 2144 domino
2055 2106 2083 2144 J
2086 2107 2243 2144 ohanne
2262 2108 2313 2145 de
2332 2109 2475 2149 Kaleto

461 2178 597 2216 abbati
630 2178 680 2215 de
715 2178 852 2226 Burgo
881 2177 1008 2214 sancti
1037 2177 1159 2224 Petri,
1193 2189 1299 2214 anno
1332 2177 1452 2214 Dom.
1480 2185 1636 2214 MCCLII.
1695 2175 1743 2213 P.
1767 2174 1835 2213 61.
1894 2174 2300 2224 Gaingat.-—Primus
2327 2177 2476 2216 Robert

462 2247 628 2296 Gargat.
671 2245 795 2295 Hugo
808 2245 984 2294 Gaingat
994 2250 1104 2282 tenet
1117 2246 1160 2282 in
1176 2244 1562 2292 Norhamtonescire,
1582 2244 1734 2282 scilicet
1752 2244 1795 2280 in
1806 2242 2112 2292 Wermingtone
2130 2247 2169 2281 et
2187 2244 2476 2294 Irtlingburch,

459 2316 621 2353 feodum
640 2315 760 2351 unius
787 2314 938 2360 militis,
959 2318 998 2351 et
1018 2314 1111 2351 inde
1139 2314 1316 2363 plenarie
1334 2313 1546 2362 respondet
1565 2324 1729 2350 camerae
1748 2312 1916 2349 abbatis.
1974 2311 2020 2350 P.
2043 2311 2107 2350 60.
2166 2311 2227 2348 De
2246 2312 2470 2353 Muscham.

460 2382 618 2420 Primus
652 2382 856 2420 Gerardus
889 2382 940 2419 de
972 2381 1197 2419 Muscham.
1255 2382 1389 2419 Adam
1417 2381 1468 2418 de
1501 2380 1711 2418 Muscham
1729 2384 1839 2418 tenet
1857 2383 2005 2417 terram
2024 2379 2067 2416 in
2096 2379 2473 2430 Nottinghamscire,

458 2451 609 2488 scilicet
640 2451 683 2487 in
712 2450 938 2496 Muscham,
974 2454 1014 2488 61
1042 2450 1138 2488 facit
1169 2450 1373 2488 servitium
1407 2449 1565 2487 dimidii
1596 2449 1746 2496 militis,
1777 2453 1816 2486 et
1848 2448 2061 2485 dimidium
2097 2449 2302 2487 servitium
2333 2450 2473 2488 militis

459 2519 612 2556 detinet
631 2519 681 2554 de
699 2529 815 2555 novo,
875 2517 925 2556 F.
962 2517 1029 2556 63.
1088 2518 1299 2567 Philippus
1326 2518 1377 2555 de
1405 2518 1635 2556 Armistone
1666 2522 1776 2555 tenet
1800 2521 1948 2554 terram
1975 2517 2017 2554 in
2038 2517 2280 2565 Armistone,
2309 2522 2348 2556 et
2375 2519 2470 2557 inde

458 2587 554 2624 facit
571 2586 775 2624 servitium
794 2586 922 2623 tertiae
942 2587 1107 2624 decimae
1127 2587 1250 2635 partis
1268 2587 1388 2624 unius
1406 2587 1543 2624 militis
1561 2598 1729 2625 camerae
1748 2586 1916 2624 abbatis.
1974 2586 2022 2625 P.
2045 2585 2112 2624 55.
2172 2586 2235 2624 De
2257 2587 2471 2626 Nevile.—

460 2655 619 2692 Primus
639 2655 837 2691 Radulfus
855 2655 906 2691 de
925 2654 1079 2691 Nevile.
1139 2655 1280 2693 Haeres
1307 2655 1468 2691 Radulfi
1496 2656 1546 2692 de
1574 2655 1715 2692 Nevile
1742 2659 1852 2692 tenet
1880 2655 2018 2692 decem
2044 2659 2269 2692 carrucatas
2288 2660 2406 2695 terrae
2425 2657 2468 2693 in

460 2723 745 2768 Lincolnscire,
763 2718 914 2760 scilicet
941 2723 983 2759 in
1017 2721 1217 2768 Scottone,
1251 2721 1507 2759 Malmetone.
1566 2722 1620 2758 Et
1651 2722 1694 2758 in
1727 2721 2077 2759 Norhamtonscire
2106 2735 2229 2759 unam
2261 2723 2408 2771 hydam
2427 2729 2467 2763 et

458 2791 682 2838 dimidiam,
702 2791 854 2829 scilicet
873 2791 916 2828 in
948 2789 1111 2837 Holme,
1134 2789 1380 2838 Rayniltorp,
1400 2793 1440 2826 et
1472 2789 1567 2826 inde
1585 2789 1680 2826 facit
1697 2789 1863 2838 plenum
1889 2791 2095 2827 servitium
2120 2791 2241 2827 trium
2273 2791 2462 2831 militum.

459 2859 505 2898 P.
527 2859 594 2898 62.
651 2860 713 2898 De
733 2858 1020 2898 Stoke.—Yvo
1040 2859 1090 2896 de
1109 2858 1232 2896 Stoke
1250 2861 1360 2895 tenet
1387 2861 1467 2894 tres
1485 2857 1655 2906 virgatas
1674 2861 1712 2894 et
1739 2857 1897 2894 tertiam
1914 2862 2068 2906 partem
2086 2858 2207 2895 unius
2225 2858 2388 2907 virgatae
2421 2861 2464 2897 in

459 2928 820 2974 Norhamtonscire‚
852 2927 1013 2974 scilicet,
1044 2927 1087 2964 in
1116 2926 1240 2964 Stoke
1272 2930 1311 2963 et
1341 2925 1622 2972 Ohurchefeld,
1641 2928 1680 2962 et
1707 2924 1803 2961 inde
1820 2924 1914 2961 facit
1941 2925 2145 2962 servitium
2169 2930 2322 2974 quartae
2341 2929 2464 2976 partis

460 2995 582 3033 unius
616 2994 769 3031 militis.
828 2994 889 3031 De
922 2993 1122 3031 Bernake.
1135 3013 1190 3020 —-
1206 2992 1329 3042 Hugo
1359 2992 1411 3029 de
1445 2992 1629 3029 Bernake
1658 2996 1769 3030 tenet
1801 2996 1986 3041 quartam
2015 2996 2170 3041 partem
2202 2992 2310 3030 feodi
2342 2995 2463 3032 unius

458 3063 596 3100 militis
633 3062 677 3099 in
710 3061 894 3099 Bernake
924 3066 963 3098 61
996 3061 1206 3109 Cathueyt,
1235 3064 1275 3098 et
1306 3061 1403 3097 inde
1439 3060 1557 3109 plene
1593 3060 1816 3109 respondet.
1873 3060 1935 3098 De
1967 3060 2464 3110 Andegav.—-Willelmus

457 3128 757 3178 Andegavensis
773 3131 883 3165 tenet
900 3127 1063 3164 feodum
1083 3127 1295 3163 dimidium
1314 3126 1451 3164 militis
1482 3127 1526 3163 in
1546 3126 1932 3173 Norhamtonescire,
1951 3126 2099 3164 scilicet
2119 3127 2161 3163 in
2182 3126 2463 3178 Churchefeffl,

456 3197 630 3244 Undele‚
651 3196 970 3245 Wermingtone,
989 3199 1028 3232 et
1048 3194 1171 3232 Stoke
1193 3210 1204 3241 ;
1231 3199 1271 3232 et
1289 3195 1384 3232 inde
1403 3195 1498 3232 facit
1516 3195 1720 3232 servitium
1739 3195 1952 3232 dimidium
1971 3195 2153 3233 militis.''

508 3267 533 3290 ⁴*
562 3265 646 3302 The
664 3269 873 3302 statement
890 3263 978 3301 that
996 3262 1177 3300 one-half
1192 3263 1236 3300 of
1243 3263 1311 3300 the
1327 3275 1467 3300 manor
1485 3263 1530 3300 of
1540 3262 1699 3300 Walcot
1716 3267 1757 3300 at
1775 3262 2094 3312 Threckingham
2114 3275 2193 3300 was
2204 3263 2246 3300 in
2259 3264 2459 3314 demesne,

452 3334 533 3371 and
553 3334 622 3372 the
639 3334 752 3372 other
768 3333 856 3370 half
865 3343 1017 3382 socage,
1036 3333 1069 3369 is
1087 3331 1298 3380 explained
1315 3332 1367 3380 by
1385 3331 1454 3368 the
1480 3335 1651 3368 account
1669 3331 1712 3367 in
1734 3331 1955 3380 Domesday
1969 3333 2063 3370 :—“
2078 3332 2191 3369 Laud
2211 3332 2255 3369 of
2271 3332 2331 3371 St.
2345 3333 2462 3372 Peter

451 3402 497 3438 of
509 3402 634 3451 Burg.
656 3401 964 3440 Lincolnescire.
987 3400 1144 3437 Manor.
1184 3399 1234 3437 In
1245 3398 1448 3438 Walecote
1462 3399 1522 3437 St.
1537 3399 1654 3437 Peter
1664 3399 1707 3437 of
1721 3400 1834 3449 Burg
1845 3400 1923 3437 had
1935 3400 2015 3437 and
2030 3401 2100 3438 has
2113 3400 2188 3437 five
2202 3405 2404 3438 carucates
2419 3401 2463 3437 of
