2774 3952
81 1350 116 1386 N
121 1362 359 1390 ormancrosJ.

977 463 1331 502 CHRONICON
1362 464 1904 502 PETROBURGENSE.
2349 451 2471 499 141*

448 603 564 654 pr0.
591 605 637 639 c.
665 587 850 641 solidis
892 591 1179 644 reddendis
1216 593 1519 646 vicecomiti
1559 589 1971 644 Huntendonie.
2045 587 2208 641 Teste
2233 589 2445 642 Thoma

450 672 763 725 cancellario
789 676 934 743 apud
963 677 1350 730 Hertfordiam.

522 758 674 811 Dicit
698 760 859 812 etiam
887 763 1033 830 quod
1058 763 1125 814 ad
1150 780 1372 832 presens
1398 781 1510 815 non
1535 762 1714 815 reddit
1736 779 1836 831 pro
1864 760 2008 813 dicto
2033 759 2317 812 hundredo
2344 759 2449 812 nisi

449 842 591 895 iiiior.
616 843 778 896 libras
795 852 1028 911 tantum,
1054 865 1118 899 eo
1145 848 1291 916 quod
1316 847 1482 899 abbas
1509 848 1576 899 de
1597 848 1778 915 Burgo
1806 846 1978 898 sancti
1999 845 2146 897 Petri
2166 851 2316 898 tenet
2341 845 2449 897 duo

451 929 688 980 maneria
725 929 864 982 infra
888 931 1222 1000 precinctum
1248 931 1536 996 hundredi,
1564 931 1770 983 scilicet
1813 930 2176 982 Alwoltonam
2204 936 2260 982 et
2304 930 2451 982 Flet-

450 1020 655 1079 tonam,
693 1015 760 1067 de
805 1015 1001 1084 quibus
1039 1017 1249 1070 solebat
1287 1017 1563 1086 percipere
1603 1016 1795 1086 viginti
1831 1015 2032 1069 solidos
2067 1016 2134 1067 ad
2176 1016 2450 1068 contribu-

450 1098 661 1152 cionem
686 1101 1048 1171 predictorum
1076 1121 1122 1156 c.
1149 1102 1462 1156 solidorum.
1538 1103 1616 1155 Et
1656 1102 1788 1155 dicit
1831 1103 1977 1172 quod
2014 1110 2259 1172 tempore
2286 1103 2450 1172 Regis

451 1183 666 1238 Ricardi
691 1186 923 1240 cessavit
946 1187 1120 1256 prima
1146 1187 1351 1240 solucio
1376 1187 1740 1257 predictorum
1767 1206 1857 1240 xx.
1887 1187 2201 1254 solidorum,
2228 1195 2284 1241 et
2320 1188 2450 1240 allo-

448 1279 639 1322 cantur
661 1269 966 1346 vicecomiti
993 1290 1155 1342 super
1180 1281 1495 1342 compotum
1525 1292 1701 1326 suum.

521 1355 599 1408 Et
624 1374 731 1425 quo
766 1356 835 1408 ad
858 1357 1205 1411 hundredum
1233 1359 1298 1411 de
1325 1359 1695 1412 Normancros
1724 1359 2005 1414 Gilbertus
2027 1360 2094 1412 de
2119 1360 2450 1424 Torentona,

450 1441 542 1511 qui
586 1442 828 1512 sequitur
870 1461 970 1514 pro
1007 1445 1174 1514 Rege,
1220 1444 1352 1497 dicit
1392 1445 1539 1514 quod
1579 1437 1647 1498 ex
1691 1464 1799 1515 quo
1837 1446 2149 1499 continetur
2191 1446 2247 1498 in
2289 1445 2448 1498 cartis

449 1528 660 1597 Regum
686 1529 831 1598 quod
855 1529 1130 1599 predictus
1156 1530 1322 1582 abbas
1349 1531 1572 1584 reddere
1599 1531 1762 1584 debet
1788 1550 1834 1586 c.
1863 1532 2065 1584 solidos
2106 1549 2317 1584 annuos
2347 1547 2448 1600 pro

449 1611 594 1664 dicto
619 1613 922 1667 hundredo.
996 1616 1074 1667 Et
1115 1615 1390 1684 predictus
1435 1615 1602 1668 abbas
1629 1615 1884 1685 cognovit
1908 1617 2054 1685 quod
2079 1622 2207 1686 post
2232 1623 2449 1685 tempus

447 1782 594 1851 quod
643 1783 710 1835 de
758 1784 1002 1853 predicto
1045 1785 1330 1838 hundredo
1369 1786 1601 1855 gaudere
1646 1805 1756 1839 non
1801 1787 1980 1852 debet,
2020 1787 2126 1839 nisi
2166 1786 2450 1839 ostendere

445 1867 646 1937 poterit
670 1867 887 1939 aliquod
927 1870 1158 1941 speciale
1183 1871 1358 1940 regale
1400 1871 1604 1923 factum
1629 1889 1727 1941 per
1752 1872 1898 1941 quod
1939 1871 2083 1924 licite
2107 1871 2284 1941 possit
2324 1870 2450 1924 reti-

445 1971 573 2006 nere
598 1954 870 2023 predictos
895 1974 985 2008 xx.
1013 1956 1232 2008 solidos·
1308 1956 1384 2008 Et
1411 1974 1573 2026 super
1595 1956 1700 2009 hoc
1727 1956 1885 2008 datus
1911 1963 1995 2008 est
2019 1956 2068 2008 ei
2088 1956 2202 2008 dies
2227 1956 2284 2007 in
2305 1974 2450 2009 cras-

451 2037 568 2092 tino
595 2041 766 2093 sancti
791 2041 1008 2094 Andree
1033 2042 1101 2093 ad
1129 2041 1484 2107 Scaccarium,
1510 2042 1578 2094 ad
1616 2059 1777 2111 quem
1805 2041 1948 2093 diem
1974 2041 2124 2093 venit
2161 2041 2327 2093 abbas
2352 2059 2450 2110 per

449 2132 800 2178 attornatum.
875 2127 950 2179 Et
985 2127 1143 2179 datus
1177 2133 1262 2179 est
1294 2127 1344 2178 ei
1370 2127 1485 2179 dies
1524 2127 1580 2179 in
1618 2126 1824 2180 octabis
1866 2126 2280 2192 PurificationiS,
2305 2145 2448 2178 anno

448 2211 600 2280 regni
625 2211 788 2282 Regis
815 2213 1068 2266 Edwardi
1093 2212 1190 2265 filii
1216 2212 1379 2282 Regis
1408 2213 1632 2266 Henrici
1656 2224 1766 2265 xv0.
1788 2221 1843 2266 et
1868 2221 1999 2266 tunc
2023 2213 2080 2264 in
2106 2213 2268 2282 pleno
2291 2213 2450 2266 Scae-

450 2296 591 2349 eario
635 2298 779 2367 apud
818 2297 1388 2364 westmonasterium,
1421 2317 1601 2351 coram
1640 2299 2017 2363 ThesaurariO,
2060 2298 2356 2351 baronibus
2393 2307 2450 2351 et

441 2382 752 2451 justiciariis
779 2383 985 2436 domini
1028 2382 1206 2452 Regis»,
1243 2391 1355 2435 tam
1383 2384 1449 2436 de
1476 2384 1678 2437 Itinere
1705 2403 1866 2454 quam
1893 2385 1960 2437 de
1985 2391 2216 2454 utroque
2243 2385 2448 2448 Ban00‚

445 2467 596 2519 venit
635 2468 911 2537 predictus
945 2468 1110 2520 abbas
1153 2486 1250 2537 per
1293 2475 1627 2520 attornatum
1655 2487 1830 2522 suum.
1906 2469 1983 2533 EA}
2025 2469 2150 2538 quia
2174 2469 2448 2538 predictus

448 2552 614 2604 abbas
653 2571 765 2605 non
807 2554 989 2623 potuit
1033 2554 1276 2606 dedicere
1305 2554 1735 2606 subtraccionem
1778 2554 2147 2623 predictorum
2186 2572 2277 2606 xx.
2323 2553 2449 2606 soli-

450 2638 644 2690 dorum
680 2657 841 2708 super
866 2647 1066 2692 cartam
1093 2658 1271 2692 coram
1302 2638 1620 2709 justiciariis
1661 2641 1859 2693 factam
1899 2658 1996 2709 per
2036 2640 2448 2710 predecessores

447 2740 593 2788 suOS,
635 2742 795 2792 quam
837 2712 1053 2793 quidem
1094 2724 1522 2777 subtraccionem
1561 2723 1838 2794 predictus
1882 2723 2048 2777 abbas
2093 2743 2266 2794 usque
2302 2743 2449 2777 nunc

447 2815 692 2878 tempore
742 2828 841 2862 suo
892 2810 1243 2874 continuavit,
1295 2818 1350 2863 et
1401 2810 1672 2863 sufficiens
1721 2817 2018 2862 warentum
2081 2828 2179 2879 pro
2231 2829 2288 2863 se
2336 2829 2448 2863 non

452 2893 692 2945 ostendit
735 2895 880 2963 quod
922 2895 1193 2964 predictos
1232 2913 1321 2946 xx.
1365 2894 1566 2947 solidos
1610 2912 1706 2963 per
1745 2912 2027 2947 assensum
2067 2894 2239 2964 ipsius
2285 2894 2448 2964 Regis

449 2978 536 3029 vel
595 2979 1000 3048 progenitorum
1065 2998 1284 3032 suorum
1348 2979 1451 3031 sibi
1500 2979 1730 3032 retinere
1779 2979 1960 3048 potuit
2009 2987 2111 3033 etc.
2202 2980 2277 3032 Et
2325 2979 2450 3050 quia

451 3062 783 3131 recognitum
808 3071 891 3116 est
917 3065 1062 3133 quod
1083 3064 1248 3116 abbas
1270 3064 1336 3116 de
1358 3065 1541 3133 Burgo
1571 3063 1744 3116 sancti
1766 3064 1911 3116 Petri
1930 3063 2016 3117 vel
2040 3064 2447 3134 predecessores

453 3146 536 3197 sui
575 3165 811 3217 unquam
853 3150 1087 3220 aliquam
1130 3150 1434 3203 libertatem
1478 3149 1703 3219 Regiam
1746 3149 2055 3203 habuerunt
2096 3150 2153 3201 in
2197 3149 2339 3202 villis
2381 3150 2447 3202 de

451 3232 756 3286 Alwoltona
780 3243 836 3287 et
862 3237 1130 3301 Flettona,
1151 3237 1256 3288 nisi
1282 3254 1377 3305 per
1399 3243 1598 3288 cartam
1627 3236 1790 3306 Regis
1819 3236 2060 3301 Henrici,
2079 3255 2184 3304 quo
2206 3243 2448 3304 tempore

453 3326 610 3369 antea
634 3318 1037 3386 predecessores
1073 3320 1282 3373 abbatis
1322 3321 1388 3372 de
1414 3321 1644 3374 Torneia
1678 3322 1973 3375 extiterunt
2016 3322 2071 3372 in
2118 3319 2329 3389 seysina
2353 3336 2449 3387 per

452 3409 650 3455 cartam
688 3403 912 3472 predicti
937 3405 1200 3458 Willelmi
1229 3407 1389 3475 Regis
1416 3407 1749 3475 Anglorum3
1791 3407 1865 3459 ita
1892 3408 2035 3475 quod
2062 3413 2177 3459 toto
2206 3414 2448 3472 tempore
