2774 3952
74 2997 163 3037 Hoc
181 3009 304 3038 anno.

71 3157 167 3213 σοι.
184 3158 281 3200 xcvi.
305 3156 382 3211 νο.)

431 425 499 472 66
962 437 1317 474 CHRONIGON
1346 439 1888 476 PETROBURGENSE.

432 574 802 631 memoratam,
827 574 990 636 prout
1016 583 1178 635 supra
1203 565 1465 635 scriptum
1492 573 1593 618 est.
1669 567 1747 618 Et
1785 567 1944 631 liceat
1981 567 2058 620 eis
2095 568 2224 621 inde
2257 569 2430 620 facere

433 653 722 705 comodum
763 672 920 705 suum
971 652 1420 722 quandocumque
1455 659 1511 704 et
1551 652 2010 722 qualitercumque
2055 653 2159 706 sibi
2196 654 2432 708 viderint

433 738 626 791 melius
653 739 922 809 expedire,
949 738 1064 791 sine
1098 737 1290 791 clamio
1331 745 1387 790 et
1430 737 1862 790 contradiccione
1897 739 2164 792 dictorum
2205 741 2431 794 Roberti

434 831 490 876 et
538 824 806 878 Johannis
857 832 912 877 et
959 825 1221 877 heredum
1289 842 1510 877 suorum
1574 824 1995 894 imperpetuum.
2105 825 2257 878 Dicti
2301 845 2430 879 vero

436 910 706 965 Robertus
733 918 789 964 et
813 910 851 964 J
853 911 1094 963 ohannes
1120 918 1175 963 et
1209 928 1397 963 eorum
1428 909 1654 962 heredes
1685 908 1955 962 consimili
1989 911 2154 963 modo
2196 910 2264 962 de
2307 929 2432 980 por-

434 995 680 1048 cionibus
727 995 839 1048 suis
873 996 1126 1049 ordinent
1167 1003 1222 1048 et
1264 995 1480 1060 faciant,
1515 995 1631 1048 sine
1675 995 1867 1049 clamio
1905 1003 1960 1049 et
2003 996 2434 1050 contradiccione

433 1081 703 1134 dictorum
738 1081 948 1134 abbatis
987 1090 1043 1134 et
1079 1089 1381 1135 conventus
1407 1082 1495 1135 vel
1538 1099 1911 1135 successorum
1957 1100 2178 1135 suorum
2221 1082 2279 1134 in
2316 1101 2438 1152 per-

430 1174 675 1235 petuum.
753 1166 811 1219 Si
829 1184 957 1220 vero
983 1167 1174 1237 aliquis
1201 1167 1268 1220 de
1291 1167 1458 1219 libere
1483 1166 1796 1219 tenentibus
1822 1167 2436 1238 predictorum‘abbatiS‚

433 1251 677 1315 Roberti,
703 1260 759 1306 et
807 1253 846 1307 J
848 1253 1098 1319 ohannis,
1134 1261 1322 1307 contra
1369 1254 1640 1323 prefatum
1690 1262 2141 1323 appruamentum
2204 1254 2437 1324 aliquem

431 1339 815 1409 predictorum,
843 1358 1216 1393 successorum
1236 1341 1324 1393 vel
1347 1340 1610 1393 heredum
1636 1358 1825 1393 eorum
1850 1359 2069 1411 gravare
2115 1359 2213 1395 seu
2255 1342 2435 1412 aliquo

433 1436 676 1497 tempore
712 1427 1044 1496 implacitare
1068 1427 1337 1492 voluerit3
1376 1426 1506 1480 dicti
1531 1426 1698 1479 abbas
1718 1435 1774 1480 et
1793 1436 2115 1493 conventUS‚
2145 1428 2438 1494 RobertUS,

435 1520 491 1564 et
515 1512 816 1578 Johannes,
841 1513 1035 1566 volunt
1078 1520 1133 1566 et
1173 1513 1415 1582 obligant
1458 1532 1534 1579 se,
1561 1531 1899 1567 successores
1942 1522 1998 1567 et
2039 1515 2265 1567 heredes
2311 1533 2438 1567 suos

437 1597 583 1666 quod
626 1596 879 1649 dominus
910 1596 1084 1666 ipsius
1119 1597 1500 1666 conquerentis
1543 1597 1718 1651 eidem
1761 1597 2051 1651 satisfaciat
2083 1605 2139 1650 et
2179 1598 2313 1652 alios
2355 1599 2439 1650 in-

439 1684 699 1753 dempnes
725 1691 1026 1737 conservet.
1102 1683 1188 1737 Ita
1212 1685 1360 1753 quod
1386 1692 1745 1738 memoratum
1781 1691 2235 1755 appruamentum
2259 1693 2437 1738 ratum

435 1777 491 1823 et
529 1769 720 1822 stabile
764 1777 980 1822 maneat
1016 1770 1418 1841 inperpetuum.
1495 1771 1832 1824 Concessum
1873 1778 1956 1823 est
1995 1771 2158 1824 etiam
2196 1790 2294 1841 per
2318 1791 2438 1841 pre—

435 1856 611 1909 dictos
650 1855 903 1908 abbatem
937 1863 992 1909 et
1036 1863 1383 1922 conventum,
1411 1857 1730 1923 Robertum,
1757 1864 1811 1910 et
1850 1857 1888 1911 J
1891 1858 2179 1922 ohannem,
2205 1866 2260 1911 et
2298 1859 2440 1912 inter

433 1944 584 2012 ipsos
633 1950 983 2007 conventum,
1023 1943 1170 2012 quod
1217 1942 1378 1996 liceat
1419 1943 1554 2013 ipsis
1599 1943 1854 1996 omnibus
1899 1951 1955 1996 et
1998 1944 2223 2014 singulis
2266 1946 2439 1998 facere

433 2036 887 2099 appruamentum
912 2028 969 2080 in
994 2036 1217 2098 pastura
1236 2029 1303 2082 de
1330 2029 1643 2082 Northcher
1659 2030 1803 2084 inter
1827 2028 2089 2083 calcetum
2115 2030 2182 2082 de
2204 2029 2442 2083 Surswat

433 2123 488 2168 et
531 2114 761 2167 divisam
803 2113 946 2167 inter
995 2114 1286 2166 mariscum
1327 2115 1395 2168 de
1440 2113 1661 2168 Scotere
1691 2123 1747 2168 et
1772 2114 2169 2184 Messingham,
2200 2115 2442 2184 quando-

433 2219 662 2271 cumque
705 2207 760 2253 et
802 2199 1263 2270 qualitercumque
1288 2200 1578 2266 voluerint,
1605 2200 1721 2253 sine
1765 2200 1957 2253 clamio
2000 2218 2098 2254 seu
2140 2200 2442 2254 contradic-

434 2289 588 2341 cione
626 2286 852 2356 alicujus
890 2286 1276 2356 predictorum.
1353 2287 1440 2339 Ita
1476 2295 1660 2340 tamen
1686 2288 1833 2357 quod
1860 2287 1991 2341 dicti
2028 2286 2195 2339 abbas
2233 2294 2288 2339 et
2313 2306 2443 2340 con-

433 2381 631 2427 ventus
669 2373 905 2425 habeant
941 2372 1288 2425 medietatem
1328 2372 1500 2426 tocius
1539 2373 1670 2426 dicti
1712 2371 2091 2443 appruamenti
2125 2373 2191 2426 de
2235 2374 2292 2425 N
2294 2373 2443 2426 orth-

437 2460 581 2524 cher,
622 2466 678 2511 et
721 2458 851 2510 dicti
902 2457 1174 2510 Robertus
1219 2465 1275 2511 et
1323 2459 1360 2511 J
1364 2459 1607 2511 ohannes
1658 2458 1880 2511 alteram
1930 2458 2295 2511 medietatem.
2369 2459 2443 2511 Et

439 2544 720 2596 sciendum
765 2542 912 2611 quod
954 2542 992 2594 J
995 2542 1238 2594 ohannes
1288 2543 1338 2595 le
1387 2544 1590 2614 Taylur
1629 2545 1696 2597 de
1748 2543 1892 2596 dicto
1933 2551 2326 2613 appruamento
2377 2545 2444 2598 de

441 2629 752 2692 Northch-er
786 2627 952 2679 nichil
973 2627 1039 2680 de
1058 2627 1408 2696 porcionibus
1435 2628 1647 2681 abbatis
1688 2636 1744 2682 et
1779 2628 2005 2681 Roberti
2042 2628 2319 2697 percipiet,
2349 2630 2444 2683 sed

441 2723 658 2768 tantum
701 2714 922 2767 terciam
976 2721 1187 2782 partem
1239 2713 1546 2766 medietatis
1590 2732 1758 2783 penes
1810 2713 1984 2766 dictos
2035 2713 2337 2766 Robertum
2387 2723 2444 2781 et

443 2801 480 2854 J
484 2801 752 2854 ohannem
777 2799 1104 2852 remanentis
1129 2797 1369 2851 habebit.
1444 2799 1532 2851 Ita
1556 2799 1702 2868 quod
1726 2798 1818 2850 illa
1841 2798 2008 2850 tercia
2031 2815 2156 2867 pars
2196 2798 2268 2850 sit
2302 2797 2446 2852 inter

442 2886 756 2956 porcionem
783 2884 913 2937 dicti
938 2883 1148 2936 abbatis
1174 2891 1230 2937 et
1254 2882 1568 2954 porcionem
1595 2883 1725 2936 dicti
1752 2883 1994 2936 Roberti.

517 2972 586 3024 In
610 2973 750 3024 festo
789 2970 961 3023 sancti
996 2969 1262 3040 Botulphi
1287 2967 1575 3040 episcopus
1603 2966 1887 3022 Lincolnie
1922 2967 2051 3020 fecit
2073 2967 2444 3022 visitacionem

445 3076 598 3112 suam
623 3057 768 3128 apud
794 3057 1056 3126 Burgum.

516 3143 716 3210 [Anno
741 3141 969 3194 Domini
994 3141 1192 3193 Mocco
1215 3139 1545 3210 octogesimo
1572 3146 1779 3210 quarto·

518 3231 646 3283 Hoc
669 3246 813 3281 anno
838 3226 1187 3280 terminatum
1217 3234 1301 3279 est
1336 3225 1595 3295 placitum
1621 3233 1810 3277 contra
1842 3223 2092 3277 homines
2137 3223 2203 3277 de
2230 3224 2446 3280 Undele

443 3318 510 3371 de
535 3315 713 3381 moliS,
739 3333 873 3385 quas
897 3312 1095 3365 habere
1129 3311 1573 3383 calumpniabant
1611 3310 1940 3382 singillatim.
2018 3310 2189 3380 Cujus
2228 3311 2445 3381 quidem

442 3402 623 3473 placiti
648 3418 936 3474 processus
962 3398 1084 3452 talis
1111 3406 1197 3452 est
1219 3420 1230 3451 ε
