<?xml version="1.0" encoding="UTF-8"?>
<!DOCTYPE html PUBLIC "-//W3C//DTD XHTML 1.0 Transitional//EN"
    "http://www.w3.org/TR/xhtml1/DTD/xhtml1-transitional.dtd">
<html xmlns="http://www.w3.org/1999/xhtml" xml:lang="en" lang="en">
 <head>
  <title>
</title>
<meta http-equiv="Content-Type" content="text/html;charset=utf-8" />
  <meta name='ocr-system' content='tesseract 3.04.00' />
  <meta name='ocr-capabilities' content='ocr_page ocr_carea ocr_par ocr_line ocrx_word'/>
</head>
<body>
  <div class='ocr_page' id='page_1' title='image "./chroniconpetro00camduoft/chroniconpetro00camduoft_0109.png"; bbox 0 0 2774 3952; ppageno 0'>
   <div class='ocr_carea' id='block_1_1' title="bbox 950 415 2463 473">
    <p class='ocr_par' dir='ltr' id='par_1_1' title="bbox 950 415 2463 473">
     <span class='ocr_line' id='line_1_1' title="bbox 950 415 2463 473; baseline 0.001 -12"><span class='ocrx_word' id='word_1_1' title='bbox 950 426 1305 462; x_wconf 83' lang='lat' dir='ltr'>CHRONICON</span> <span class='ocrx_word' id='word_1_2' title='bbox 1336 426 1879 462; x_wconf 79' lang='lat' dir='ltr'><strong>PETROBURGENSE.</strong></span> <span class='ocrx_word' id='word_1_3' title='bbox 2354 415 2422 462; x_wconf 84' lang='lat'><strong>89</strong></span> <span class='ocrx_word' id='word_1_4' title='bbox 2459 469 2463 473; x_wconf 51' lang='grc'><em>,</em></span> 
     </span>
    </p>
   </div>
   <div class='ocr_carea' id='block_1_2' title="bbox 416 551 2428 3500">
    <p class='ocr_par' dir='ltr' id='par_1_2' title="bbox 420 551 2428 2312">
     <span class='ocr_line' id='line_1_2' title="bbox 427 551 2426 623; baseline 0.001 -21"><span class='ocrx_word' id='word_1_5' title='bbox 427 567 762 620; x_wconf 83' lang='lat' dir='ltr'><strong>comparenS,</strong></span> <span class='ocrx_word' id='word_1_6' title='bbox 806 553 1171 622; x_wconf 89' lang='lat' dir='ltr'><strong>quasdamque</strong></span> <span class='ocrx_word' id='word_1_7' title='bbox 1220 553 1569 623; x_wconf 85' lang='lat' dir='ltr'><strong>excepciones</strong></span> <span class='ocrx_word' id='word_1_8' title='bbox 1617 552 1675 604; x_wconf 92' lang='lat' dir='ltr'><strong>in</strong></span> <span class='ocrx_word' id='word_1_9' title='bbox 1726 551 1939 621; x_wconf 88' lang='lat' dir='ltr'><strong>scriptis</strong></span> <span class='ocrx_word' id='word_1_10' title='bbox 1989 567 2319 620; x_wconf 81' lang='lat' dir='ltr'><strong>proponenS,</strong></span> <span class='ocrx_word' id='word_1_11' title='bbox 2370 561 2426 604; x_wconf 91' lang='lat' dir='ltr'><strong>et</strong></span> 
     </span>
     <span class='ocr_line' id='line_1_3' title="bbox 427 636 2425 708; baseline 0.001 -22"><span class='ocrx_word' id='word_1_12' title='bbox 427 637 720 688; x_wconf 90' lang='lat' dir='ltr'><strong>eorundem</strong></span> <span class='ocrx_word' id='word_1_13' title='bbox 746 638 904 690; x_wconf 90' lang='lat' dir='ltr'><strong>nobis</strong></span> <span class='ocrx_word' id='word_1_14' title='bbox 931 645 987 690; x_wconf 92' lang='lat' dir='ltr'><strong>et</strong></span> <span class='ocrx_word' id='word_1_15' title='bbox 1012 638 1156 691; x_wconf 90' lang='lat' dir='ltr'><strong>dicto</strong></span> <span class='ocrx_word' id='word_1_16' title='bbox 1184 639 1375 692; x_wconf 90' lang='lat' dir='ltr'><strong>clerico</strong></span> <span class='ocrx_word' id='word_1_17' title='bbox 1402 639 1615 708; x_wconf 90' lang='lat' dir='ltr'><strong>copiam</strong></span> <span class='ocrx_word' id='word_1_18' title='bbox 1639 637 1859 702; x_wconf 78' lang='lat' dir='ltr'><strong>facienS,</strong></span> <span class='ocrx_word' id='word_1_19' title='bbox 1875 637 2021 688; x_wconf 90' lang='lat' dir='ltr'><strong>idem</strong></span> <span class='ocrx_word' id='word_1_20' title='bbox 2049 636 2273 688; x_wconf 88' lang='lat' dir='ltr'><strong>clericus</strong></span> <span class='ocrx_word' id='word_1_21' title='bbox 2301 637 2425 705; x_wconf 88' lang='lat' dir='ltr'><strong>quia</strong></span> 
     </span>
     <span class='ocr_line' id='line_1_4' title="bbox 424 722 2425 801; baseline 0 -28"><span class='ocrx_word' id='word_1_22' title='bbox 424 722 709 775; x_wconf 87' lang='lat' dir='ltr'><strong>videbatur</strong></span> <span class='ocrx_word' id='word_1_23' title='bbox 735 724 836 776; x_wconf 90' lang='lat' dir='ltr'><strong>sibi</strong></span> <span class='ocrx_word' id='word_1_24' title='bbox 863 724 1059 778; x_wconf 91' lang='lat' dir='ltr'><strong>dictam</strong></span> <span class='ocrx_word' id='word_1_25' title='bbox 1086 725 1411 801; x_wconf 80' lang='lat' dir='ltr'><strong>peticionem</strong></span> <span class='ocrx_word' id='word_1_26' title='bbox 1453 743 1606 776; x_wconf 90' lang='lat' dir='ltr'><strong>suam</strong></span> <span class='ocrx_word' id='word_1_27' title='bbox 1649 723 1812 775; x_wconf 89' lang='lat' dir='ltr'><strong>nimis</strong></span> <span class='ocrx_word' id='word_1_28' title='bbox 1851 723 2172 792; x_wconf 84' lang='lat' dir='ltr'><strong>generalem,</strong></span> <span class='ocrx_word' id='word_1_29' title='bbox 2199 723 2356 774; x_wconf 89' lang='lat' dir='ltr'><strong>aliam</strong></span> <span class='ocrx_word' id='word_1_30' title='bbox 2395 742 2425 774; x_wconf 88' lang='lat' dir='ltr'><strong>a</strong></span> 
     </span>
     <span class='ocr_line' id='line_1_5' title="bbox 424 806 2427 878; baseline 0 -20"><span class='ocrx_word' id='word_1_31' title='bbox 424 806 618 876; x_wconf 92' lang='lat' dir='ltr'><strong>priore,</strong></span> <span class='ocrx_word' id='word_1_32' title='bbox 643 815 706 860; x_wconf 92' lang='lat' dir='ltr'><strong>ut</strong></span> <span class='ocrx_word' id='word_1_33' title='bbox 731 808 882 871; x_wconf 84' lang='lat' dir='ltr'>dixit,</span> <span class='ocrx_word' id='word_1_34' title='bbox 911 809 1287 861; x_wconf 83' lang='lat' dir='ltr'><strong>declarativam</strong></span> <span class='ocrx_word' id='word_1_35' title='bbox 1311 808 1470 861; x_wconf 90' lang='lat' dir='ltr'><strong>nobis</strong></span> <span class='ocrx_word' id='word_1_36' title='bbox 1503 816 1559 861; x_wconf 93' lang='lat' dir='ltr'><strong>et</strong></span> <span class='ocrx_word' id='word_1_37' title='bbox 1594 808 1930 878; x_wconf 82' lang='lat' dir='ltr'><strong>procuratori</strong></span> <span class='ocrx_word' id='word_1_38' title='bbox 1954 809 2161 878; x_wconf 89' lang='lat' dir='ltr'><strong>prefato</strong></span> <span class='ocrx_word' id='word_1_39' title='bbox 2187 807 2427 877; x_wconf 81' lang='lat' dir='ltr'><strong>porrexit</strong></span> 
     </span>
     <span class='ocr_line' id='line_1_6' title="bbox 424 891 2426 962; baseline 0 -20"><span class='ocrx_word' id='word_1_40' title='bbox 424 891 480 943; x_wconf 92' lang='lat' dir='ltr'><strong>in</strong></span> <span class='ocrx_word' id='word_1_41' title='bbox 509 892 739 961; x_wconf 84' lang='lat' dir='ltr'><strong>scriptiS,</strong></span> <span class='ocrx_word' id='word_1_42' title='bbox 764 900 1070 962; x_wconf 89' lang='lat' dir='ltr'><strong>protestans</strong></span> <span class='ocrx_word' id='word_1_43' title='bbox 1097 911 1154 946; x_wconf 93' lang='lat' dir='ltr'><strong>se</strong></span> <span class='ocrx_word' id='word_1_44' title='bbox 1180 893 1323 945; x_wconf 92' lang='lat' dir='ltr'><strong>nolle</strong></span> <span class='ocrx_word' id='word_1_45' title='bbox 1347 911 1380 944; x_wconf 87' lang='lat' dir='ltr'><strong>a</strong></span> <span class='ocrx_word' id='word_1_46' title='bbox 1402 892 1602 945; x_wconf 89' lang='lat' dir='ltr'><strong>virtute</strong></span> <span class='ocrx_word' id='word_1_47' title='bbox 1637 899 1693 944; x_wconf 92' lang='lat' dir='ltr'><strong>et</strong></span> <span class='ocrx_word' id='word_1_48' title='bbox 1731 893 1905 945; x_wconf 89' lang='lat' dir='ltr'><strong>forma</strong></span> <span class='ocrx_word' id='word_1_49' title='bbox 1928 892 2105 944; x_wconf 89' lang='lat' dir='ltr'><strong>littere</strong></span> <span class='ocrx_word' id='word_1_50' title='bbox 2130 892 2426 962; x_wconf 83' lang='lat' dir='ltr'><strong>provisorie</strong></span> 
     </span>
     <span class='ocr_line' id='line_1_7' title="bbox 424 975 2426 1046; baseline 0.001 -20"><span class='ocrx_word' id='word_1_51' title='bbox 424 975 721 1045; x_wconf 83' lang='lat' dir='ltr'><strong>aliqualiter</strong></span> <span class='ocrx_word' id='word_1_52' title='bbox 754 977 1020 1042; x_wconf 85' lang='lat' dir='ltr'><strong>recedere,</strong></span> <span class='ocrx_word' id='word_1_53' title='bbox 1046 978 1142 1030; x_wconf 92' lang='lat' dir='ltr'><strong>sed</strong></span> <span class='ocrx_word' id='word_1_54' title='bbox 1181 977 1370 1029; x_wconf 91' lang='lat' dir='ltr'><strong>eadem</strong></span> <span class='ocrx_word' id='word_1_55' title='bbox 1408 976 1571 1029; x_wconf 90' lang='lat' dir='ltr'><strong>inniti</strong></span> <span class='ocrx_word' id='word_1_56' title='bbox 1594 977 1750 1042; x_wconf 91' lang='lat' dir='ltr'><strong>velle,</strong></span> <span class='ocrx_word' id='word_1_57' title='bbox 1788 984 1845 1029; x_wconf 93' lang='lat' dir='ltr'><strong>et</strong></span> <span class='ocrx_word' id='word_1_58' title='bbox 1886 984 2115 1046; x_wconf 89' lang='lat' dir='ltr'><strong>utraque</strong></span> <span class='ocrx_word' id='word_1_59' title='bbox 2158 976 2426 1046; x_wconf 88' lang='lat' dir='ltr'><strong>peticione</strong></span> 
     </span>
     <span class='ocr_line' id='line_1_8' title="bbox 424 1060 2425 1132; baseline 0.001 -22"><span class='ocrx_word' id='word_1_60' title='bbox 424 1060 505 1111; x_wconf 93' lang='lat' dir='ltr'><strong>uti</strong></span> <span class='ocrx_word' id='word_1_61' title='bbox 548 1079 671 1114; x_wconf 90' lang='lat' dir='ltr'><strong>cum</strong></span> <span class='ocrx_word' id='word_1_62' title='bbox 715 1062 911 1115; x_wconf 87' lang='lat' dir='ltr'><strong>effectu</strong></span> <span class='ocrx_word' id='word_1_63' title='bbox 956 1067 1072 1114; x_wconf 88' lang='lat' dir='ltr'><strong>sine</strong></span> <span class='ocrx_word' id='word_1_64' title='bbox 1115 1061 1383 1132; x_wconf 89' lang='lat' dir='ltr'><strong>solempni</strong></span> <span class='ocrx_word' id='word_1_65' title='bbox 1420 1061 1591 1131; x_wconf 86' lang='lat' dir='ltr'><strong>figura</strong></span> <span class='ocrx_word' id='word_1_66' title='bbox 1609 1061 1870 1132; x_wconf 86' lang='lat' dir='ltr'><strong>judiciali,</strong></span> <span class='ocrx_word' id='word_1_67' title='bbox 1896 1068 2161 1131; x_wconf 89' lang='lat' dir='ltr'><strong>quatenus</strong></span> <span class='ocrx_word' id='word_1_68' title='bbox 2201 1061 2425 1130; x_wconf 86' lang='lat' dir='ltr'><strong>qualitas</strong></span> 
     </span>
     <span class='ocr_line' id='line_1_9' title="bbox 423 1147 2426 1219; baseline 0.001 -22"><span class='ocrx_word' id='word_1_69' title='bbox 423 1148 630 1217; x_wconf 87' lang='lat' dir='ltr'><strong>negocii</strong></span> <span class='ocrx_word' id='word_1_70' title='bbox 668 1149 1003 1219; x_wconf 89' lang='lat' dir='ltr'><strong>permitteret</strong></span> <span class='ocrx_word' id='word_1_71' title='bbox 1033 1147 1318 1200; x_wconf 88' lang='lat' dir='ltr'><strong>memorati</strong></span> <span class='ocrx_word' id='word_1_72' title='bbox 1335 1168 1351 1214; x_wconf 83' lang='lat'>3</span> <span class='ocrx_word' id='word_1_73' title='bbox 1389 1155 1610 1217; x_wconf 93' lang='lat' dir='ltr'><strong>propter</strong></span> <span class='ocrx_word' id='word_1_74' title='bbox 1654 1149 1798 1217; x_wconf 89' lang='lat' dir='ltr'><strong>quod</strong></span> <span class='ocrx_word' id='word_1_75' title='bbox 1824 1166 1892 1200; x_wconf 88' lang='lat' dir='ltr'><strong>ex</strong></span> <span class='ocrx_word' id='word_1_76' title='bbox 1916 1147 2257 1199; x_wconf 86' lang='lat' dir='ltr'><strong>habundanti</strong></span> <span class='ocrx_word' id='word_1_77' title='bbox 2304 1165 2426 1216; x_wconf 88' lang='lat' dir='ltr'><strong>pre-</strong></span> 
     </span>
     <span class='ocr_line' id='line_1_10' title="bbox 421 1233 2427 1304; baseline -0.001 -18"><span class='ocrx_word' id='word_1_78' title='bbox 421 1235 640 1287; x_wconf 86' lang='lat' dir='ltr'><strong>fiximus</strong></span> <span class='ocrx_word' id='word_1_79' title='bbox 682 1235 871 1288; x_wconf 91' lang='lat' dir='ltr'><strong>iterato</strong></span> <span class='ocrx_word' id='word_1_80' title='bbox 915 1234 1248 1303; x_wconf 89' lang='lat' dir='ltr'><strong>procuratori</strong></span> <span class='ocrx_word' id='word_1_81' title='bbox 1291 1233 1534 1304; x_wconf 89' lang='lat' dir='ltr'><strong>predicto</strong></span> <span class='ocrx_word' id='word_1_82' title='bbox 1575 1240 1630 1286; x_wconf 90' lang='lat' dir='ltr'><strong>et</strong></span> <span class='ocrx_word' id='word_1_83' title='bbox 1668 1233 1780 1286; x_wconf 90' lang='lat' dir='ltr'><strong>suis</strong></span> <span class='ocrx_word' id='word_1_84' title='bbox 1827 1234 2063 1286; x_wconf 90' lang='lat' dir='ltr'><strong>dominis</strong></span> <span class='ocrx_word' id='word_1_85' title='bbox 2101 1234 2159 1284; x_wconf 90' lang='lat' dir='ltr'><strong>in</strong></span> <span class='ocrx_word' id='word_1_86' title='bbox 2195 1251 2427 1303; x_wconf 87' lang='lat' dir='ltr'><strong>persona</strong></span> 
     </span>
     <span class='ocr_line' id='line_1_11' title="bbox 420 1314 2425 1392; baseline -0 -20"><span class='ocrx_word' id='word_1_87' title='bbox 420 1321 591 1390; x_wconf 92' lang='lat' dir='ltr'><strong>ipsius</strong></span> <span class='ocrx_word' id='word_1_88' title='bbox 611 1314 917 1392; x_wconf 86' lang='lat' dir='ltr'><strong>proximum</strong></span> <span class='ocrx_word' id='word_1_89' title='bbox 934 1321 1076 1374; x_wconf 89' lang='lat' dir='ltr'><strong>diem</strong></span> <span class='ocrx_word' id='word_1_90' title='bbox 1087 1320 1379 1391; x_wconf 89' lang='lat' dir='ltr'><strong>juridicum</strong></span> <span class='ocrx_word' id='word_1_91' title='bbox 1397 1328 1521 1372; x_wconf 88' lang='lat' dir='ltr'><strong>ante</strong></span> <span class='ocrx_word' id='word_1_92' title='bbox 1539 1321 1741 1372; x_wconf 87' lang='lat' dir='ltr'><strong>festum</strong></span> <span class='ocrx_word' id='word_1_93' title='bbox 1760 1329 1942 1373; x_wconf 88' lang='lat' dir='ltr'><strong>sancte</strong></span> <span class='ocrx_word' id='word_1_94' title='bbox 1960 1319 2425 1385; x_wconf 88' lang='lat' dir='ltr'><strong>Katerine,coram</strong></span> 
     </span>
     <span class='ocr_line' id='line_1_12' title="bbox 421 1404 2425 1476; baseline -0.001 -18"><span class='ocrx_word' id='word_1_95' title='bbox 421 1406 579 1458; x_wconf 91' lang='lat' dir='ltr'><strong>nobis</strong></span> <span class='ocrx_word' id='word_1_96' title='bbox 606 1407 751 1476; x_wconf 91' lang='lat' dir='ltr'><strong>apud</strong></span> <span class='ocrx_word' id='word_1_97' title='bbox 776 1406 1003 1458; x_wconf 91' lang='lat' dir='ltr'><strong>Brakele</strong></span> <span class='ocrx_word' id='word_1_98' title='bbox 1046 1406 1114 1457; x_wconf 91' lang='lat' dir='ltr'><strong>ad</strong></span> <span class='ocrx_word' id='word_1_99' title='bbox 1150 1404 1578 1474; x_wconf 77' lang='lat' dir='ltr'><strong>proponendum·</strong></span> <span class='ocrx_word' id='word_1_100' title='bbox 1605 1405 1781 1457; x_wconf 90' lang='lat' dir='ltr'><strong>adhuc</strong></span> <span class='ocrx_word' id='word_1_101' title='bbox 1819 1404 2075 1474; x_wconf 90' lang='lat' dir='ltr'><strong>quicquid</strong></span> <span class='ocrx_word' id='word_1_102' title='bbox 2106 1405 2425 1456; x_wconf 90' lang='lat' dir='ltr'><strong>canonicum</strong></span> 
     </span>
     <span class='ocr_line' id='line_1_13' title="bbox 420 1489 2425 1561; baseline -0.001 -18"><span class='ocrx_word' id='word_1_103' title='bbox 420 1491 699 1558; x_wconf 91' lang='lat' dir='ltr'><strong>haberent,</strong></span> <span class='ocrx_word' id='word_1_104' title='bbox 749 1511 856 1561; x_wconf 92' lang='lat' dir='ltr'><strong>quo</strong></span> <span class='ocrx_word' id='word_1_105' title='bbox 906 1510 963 1545; x_wconf 90' lang='lat' dir='ltr'><strong>se</strong></span> <span class='ocrx_word' id='word_1_106' title='bbox 1010 1499 1202 1544; x_wconf 86' lang='lat' dir='ltr'><strong>contra</strong></span> <span class='ocrx_word' id='word_1_107' title='bbox 1255 1490 1520 1560; x_wconf 89' lang='lat' dir='ltr'><strong>premissa</strong></span> <span class='ocrx_word' id='word_1_108' title='bbox 1568 1490 1710 1541; x_wconf 88' lang='lat' dir='ltr'><strong>tueri</strong></span> <span class='ocrx_word' id='word_1_109' title='bbox 1757 1490 1993 1559; x_wconf 86' lang='lat' dir='ltr'><strong>possint,</strong></span> <span class='ocrx_word' id='word_1_110' title='bbox 2041 1489 2425 1559; x_wconf 87' lang='lat' dir='ltr'><strong>privilegiaque</strong></span> 
     </span>
     <span class='ocr_line' id='line_1_14' title="bbox 421 1575 2428 1646; baseline -0.001 -18"><span class='ocrx_word' id='word_1_111' title='bbox 421 1578 645 1646; x_wconf 87' lang='lat' dir='ltr'><strong>allegata</strong></span> <span class='ocrx_word' id='word_1_112' title='bbox 671 1596 766 1630; x_wconf 89' lang='lat' dir='ltr'><strong>seu</strong></span> <span class='ocrx_word' id='word_1_113' title='bbox 789 1578 892 1630; x_wconf 84' lang='lat' dir='ltr'><strong>alia</strong></span> <span class='ocrx_word' id='word_1_114' title='bbox 916 1577 1238 1640; x_wconf 83' lang='lat' dir='ltr'><strong>exhibenda,</strong></span> <span class='ocrx_word' id='word_1_115' title='bbox 1264 1584 1320 1628; x_wconf 90' lang='lat' dir='ltr'><strong>et</strong></span> <span class='ocrx_word' id='word_1_116' title='bbox 1345 1576 1413 1628; x_wconf 92' lang='lat' dir='ltr'><strong>ad</strong></span> <span class='ocrx_word' id='word_1_117' title='bbox 1438 1575 1779 1645; x_wconf 90' lang='lat' dir='ltr'><strong>probandum</strong></span> <span class='ocrx_word' id='word_1_118' title='bbox 1823 1594 1884 1627; x_wconf 91' lang='lat' dir='ltr'><strong>ac</strong></span> <span class='ocrx_word' id='word_1_119' title='bbox 1928 1575 2232 1627; x_wconf 87' lang='lat' dir='ltr'><strong>docendum</strong></span> <span class='ocrx_word' id='word_1_120' title='bbox 2268 1575 2428 1644; x_wconf 88' lang='lat' dir='ltr'><strong>plane</strong></span> 
     </span>
     <span class='ocr_line' id='line_1_15' title="bbox 421 1660 2428 1732; baseline -0.001 -17"><span class='ocrx_word' id='word_1_121' title='bbox 421 1663 488 1715; x_wconf 91' lang='lat' dir='ltr'><strong>de</strong></span> <span class='ocrx_word' id='word_1_122' title='bbox 513 1663 787 1731; x_wconf 79' lang='lat' dir='ltr'><strong>predictiS,</strong></span> <span class='ocrx_word' id='word_1_123' title='bbox 813 1682 916 1732; x_wconf 91' lang='lat' dir='ltr'><strong>que</strong></span> <span class='ocrx_word' id='word_1_124' title='bbox 944 1662 1047 1715; x_wconf 87' lang='lat' dir='ltr'><strong>sibi</strong></span> <span class='ocrx_word' id='word_1_125' title='bbox 1070 1662 1306 1715; x_wconf 89' lang='lat' dir='ltr'><strong>viderint</strong></span> <span class='ocrx_word' id='word_1_126' title='bbox 1350 1661 1604 1730; x_wconf 84' lang='lat' dir='ltr'><strong>expedire</strong></span> <span class='ocrx_word' id='word_1_127' title='bbox 1645 1668 1702 1713; x_wconf 89' lang='lat' dir='ltr'><strong>et</strong></span> <span class='ocrx_word' id='word_1_128' title='bbox 1745 1661 1812 1712; x_wconf 90' lang='lat' dir='ltr'><strong>ad</strong></span> <span class='ocrx_word' id='word_1_129' title='bbox 1857 1660 2230 1713; x_wconf 88' lang='lat' dir='ltr'><strong>defensionem</strong></span> <span class='ocrx_word' id='word_1_130' title='bbox 2274 1679 2428 1713; x_wconf 87' lang='lat' dir='ltr'><strong>suam</strong></span> 
     </span>
     <span class='ocr_line' id='line_1_16' title="bbox 423 1746 2427 1819; baseline -0.001 -18"><span class='ocrx_word' id='word_1_131' title='bbox 423 1749 664 1802; x_wconf 86' lang='lat' dir='ltr'><strong>sufficere</strong></span> <span class='ocrx_word' id='word_1_132' title='bbox 690 1756 916 1819; x_wconf 90' lang='lat' dir='ltr'><strong>possent</strong></span> <span class='ocrx_word' id='word_1_133' title='bbox 939 1748 997 1800; x_wconf 91' lang='lat' dir='ltr'><strong>in</strong></span> <span class='ocrx_word' id='word_1_134' title='bbox 1023 1748 1127 1800; x_wconf 90' lang='lat' dir='ltr'><strong>hoc</strong></span> <span class='ocrx_word' id='word_1_135' title='bbox 1171 1765 1299 1800; x_wconf 90' lang='lat' dir='ltr'><strong>casu</strong></span> <span class='ocrx_word' id='word_1_136' title='bbox 1321 1768 1333 1799; x_wconf 73' lang='grc' dir='ltr'><strong><em>ε</em></strong></span> <span class='ocrx_word' id='word_1_137' title='bbox 1379 1764 1592 1799; x_wconf 89' lang='lat' dir='ltr'><strong>necnon</strong></span> <span class='ocrx_word' id='word_1_138' title='bbox 1636 1753 1692 1798; x_wconf 91' lang='lat' dir='ltr'><strong>et</strong></span> <span class='ocrx_word' id='word_1_139' title='bbox 1729 1746 1798 1797; x_wconf 91' lang='lat' dir='ltr'><strong>ad</strong></span> <span class='ocrx_word' id='word_1_140' title='bbox 1823 1746 2130 1799; x_wconf 85' lang='lat' dir='ltr'><strong>faciendum</strong></span> <span class='ocrx_word' id='word_1_141' title='bbox 2156 1753 2212 1798; x_wconf 92' lang='lat' dir='ltr'><strong>et</strong></span> <span class='ocrx_word' id='word_1_142' title='bbox 2235 1746 2427 1815; x_wconf 91' lang='lat' dir='ltr'><strong>recipi-</strong></span> 
     </span>
     <span class='ocr_line' id='line_1_17' title="bbox 421 1830 2426 1904; baseline -0.001 -18"><span class='ocrx_word' id='word_1_143' title='bbox 421 1834 622 1887; x_wconf 91' lang='lat' dir='ltr'><strong>endum</strong></span> <span class='ocrx_word' id='word_1_144' title='bbox 649 1852 812 1903; x_wconf 88' lang='lat' dir='ltr'><strong>super</strong></span> <span class='ocrx_word' id='word_1_145' title='bbox 829 1833 1136 1904; x_wconf 89' lang='lat' dir='ltr'><strong>propositas</strong></span> <span class='ocrx_word' id='word_1_146' title='bbox 1156 1840 1212 1885; x_wconf 93' lang='lat' dir='ltr'><strong>et</strong></span> <span class='ocrx_word' id='word_1_147' title='bbox 1229 1831 1628 1902; x_wconf 89' lang='lat' dir='ltr'><strong>proponendas,</strong></span> <span class='ocrx_word' id='word_1_148' title='bbox 1648 1848 1709 1883; x_wconf 91' lang='lat' dir='ltr'><strong>ac</strong></span> <span class='ocrx_word' id='word_1_149' title='bbox 1726 1830 1952 1883; x_wconf 89' lang='lat' dir='ltr'><strong>ulterius</strong></span> <span class='ocrx_word' id='word_1_150' title='bbox 1977 1831 2035 1882; x_wconf 91' lang='lat' dir='ltr'><strong>in</strong></span> <span class='ocrx_word' id='word_1_151' title='bbox 2061 1838 2178 1883; x_wconf 92' lang='lat' dir='ltr'><strong>toto</strong></span> <span class='ocrx_word' id='word_1_152' title='bbox 2203 1831 2426 1900; x_wconf 89' lang='lat' dir='ltr'><strong>negocio</strong></span> 
     </span>
     <span class='ocr_line' id='line_1_18' title="bbox 421 1917 2427 1990; baseline -0.002 -17"><span class='ocrx_word' id='word_1_153' title='bbox 421 1922 567 1990; x_wconf 91' lang='lat' dir='ltr'><strong>quod</strong></span> <span class='ocrx_word' id='word_1_154' title='bbox 597 1920 735 1990; x_wconf 88' lang='lat' dir='ltr'><strong>juris</strong></span> <span class='ocrx_word' id='word_1_155' title='bbox 760 1920 921 1973; x_wconf 87' lang='lat' dir='ltr'><strong>fuerit</strong></span> <span class='ocrx_word' id='word_1_156' title='bbox 945 1928 1000 1972; x_wconf 90' lang='lat' dir='ltr'><strong>et</strong></span> <span class='ocrx_word' id='word_1_157' title='bbox 1035 1919 1284 1973; x_wconf 82' lang='lat' dir='ltr'><strong>racioniS.</strong></span> <span class='ocrx_word' id='word_1_158' title='bbox 1361 1918 1514 1972; x_wconf 71' lang='lat' dir='ltr'><strong>Quos</strong></span> <span class='ocrx_word' id='word_1_159' title='bbox 1550 1917 1692 1969; x_wconf 91' lang='lat' dir='ltr'><strong>diem</strong></span> <span class='ocrx_word' id='word_1_160' title='bbox 1732 1923 1788 1968; x_wconf 90' lang='lat' dir='ltr'><strong>et</strong></span> <span class='ocrx_word' id='word_1_161' title='bbox 1828 1917 2007 1969; x_wconf 89' lang='lat' dir='ltr'><strong>locum</strong></span> <span class='ocrx_word' id='word_1_162' title='bbox 2034 1917 2178 1969; x_wconf 92' lang='lat' dir='ltr'><strong>dicto</strong></span> <span class='ocrx_word' id='word_1_163' title='bbox 2203 1917 2427 1986; x_wconf 90' lang='lat' dir='ltr'><strong>pauperi</strong></span> 
     </span>
     <span class='ocr_line' id='line_1_19' title="bbox 421 2001 2426 2073; baseline -0.001 -17"><span class='ocrx_word' id='word_1_164' title='bbox 421 2004 611 2057; x_wconf 89' lang='lat' dir='ltr'><strong>clerico</strong></span> <span class='ocrx_word' id='word_1_165' title='bbox 638 2012 694 2056; x_wconf 94' lang='lat' dir='ltr'><strong>et</strong></span> <span class='ocrx_word' id='word_1_166' title='bbox 718 2004 880 2057; x_wconf 90' lang='lat' dir='ltr'><strong>etiam</strong></span> <span class='ocrx_word' id='word_1_167' title='bbox 904 2005 1113 2057; x_wconf 88' lang='lat' dir='ltr'><strong>Thome</strong></span> <span class='ocrx_word' id='word_1_168' title='bbox 1140 2003 1368 2073; x_wconf 90' lang='lat' dir='ltr'><strong>Deyvile</strong></span> <span class='ocrx_word' id='word_1_169' title='bbox 1409 2003 1600 2056; x_wconf 90' lang='lat' dir='ltr'><strong>clerico</strong></span> <span class='ocrx_word' id='word_1_170' title='bbox 1641 2001 1799 2054; x_wconf 89' lang='lat' dir='ltr'><strong>nobis</strong></span> <span class='ocrx_word' id='word_1_171' title='bbox 1835 2010 1964 2071; x_wconf 89' lang='lat' dir='ltr'><strong>post</strong></span> <span class='ocrx_word' id='word_1_172' title='bbox 2002 2001 2426 2054; x_wconf 88' lang='lat' dir='ltr'><strong>reservacionem</strong></span> 
     </span>
     <span class='ocr_line' id='line_1_20' title="bbox 422 2087 2426 2159; baseline -0 -19"><span class='ocrx_word' id='word_1_173' title='bbox 422 2097 478 2141; x_wconf 90' lang='lat' dir='ltr'><strong>et</strong></span> <span class='ocrx_word' id='word_1_174' title='bbox 526 2090 802 2142; x_wconf 87' lang='lat' dir='ltr'><strong>decretum</strong></span> <span class='ocrx_word' id='word_1_175' title='bbox 842 2090 1149 2159; x_wconf 88' lang='lat' dir='ltr'><strong>supradicta</strong></span> <span class='ocrx_word' id='word_1_176' title='bbox 1192 2089 1260 2140; x_wconf 90' lang='lat' dir='ltr'><strong>ad</strong></span> <span class='ocrx_word' id='word_1_177' title='bbox 1293 2087 1468 2156; x_wconf 89' lang='lat' dir='ltr'><strong>ipsam</strong></span> <span class='ocrx_word' id='word_1_178' title='bbox 1506 2087 1784 2141; x_wconf 86' lang='lat' dir='ltr'><strong>ecclesiam</strong></span> <span class='ocrx_word' id='word_1_179' title='bbox 1815 2094 2145 2155; x_wconf 87' lang='lat' dir='ltr'><strong>presentatO,</strong></span> <span class='ocrx_word' id='word_1_180' title='bbox 2186 2087 2426 2156; x_wconf 84' lang='lat' dir='ltr'><strong>presenti</strong></span> 
     </span>
     <span class='ocr_line' id='line_1_21' title="bbox 421 2171 2426 2243; baseline -0.001 -17"><span class='ocrx_word' id='word_1_181' title='bbox 421 2174 790 2243; x_wconf 88' lang='lat' dir='ltr'><strong>personaliter,</strong></span> <span class='ocrx_word' id='word_1_182' title='bbox 817 2174 1132 2243; x_wconf 91' lang='lat' dir='ltr'><strong>copiamque</strong></span> <span class='ocrx_word' id='word_1_183' title='bbox 1176 2172 1562 2242; x_wconf 88' lang='lat' dir='ltr'><strong>premissorum</strong></span> <span class='ocrx_word' id='word_1_184' title='bbox 1602 2171 1888 2241; x_wconf 88' lang='lat' dir='ltr'><strong>optinenti,</strong></span> <span class='ocrx_word' id='word_1_185' title='bbox 1923 2171 2314 2242; x_wconf 84' lang='lat' dir='ltr'><strong>assignavimus</strong></span> <span class='ocrx_word' id='word_1_186' title='bbox 2356 2171 2426 2224; x_wconf 92' lang='lat' dir='ltr'><strong>ad</strong></span> 
     </span>
     <span class='ocr_line' id='line_1_22' title="bbox 420 2259 909 2312; baseline -0.002 -1"><span class='ocrx_word' id='word_1_187' title='bbox 420 2259 563 2312; x_wconf 91' lang='lat' dir='ltr'><strong>idem</strong></span> <span class='ocrx_word' id='word_1_188' title='bbox 589 2259 909 2312; x_wconf 87' lang='lat' dir='ltr'><strong>faciendum.</strong></span> 
     </span>
    </p>

    <p class='ocr_par' dir='ltr' id='par_1_3' title="bbox 416 2341 2423 3434">
     <span class='ocr_line' id='line_1_23' title="bbox 495 2341 2422 2415; baseline -0.002 -18"><span class='ocrx_word' id='word_1_189' title='bbox 495 2345 619 2397; x_wconf 90' lang='lat' dir='ltr'><strong>Hiis</strong></span> <span class='ocrx_word' id='word_1_190' title='bbox 644 2344 872 2415; x_wconf 88' lang='lat' dir='ltr'><strong>peractis</strong></span> <span class='ocrx_word' id='word_1_191' title='bbox 892 2365 908 2410; x_wconf 82' lang='lat'><em>3</em></span> <span class='ocrx_word' id='word_1_192' title='bbox 934 2343 1190 2413; x_wconf 89' lang='lat' dir='ltr'><strong>predictis</strong></span> <span class='ocrx_word' id='word_1_193' title='bbox 1217 2342 1303 2395; x_wconf 91' lang='lat' dir='ltr'><strong>die</strong></span> <span class='ocrx_word' id='word_1_194' title='bbox 1341 2349 1397 2394; x_wconf 91' lang='lat' dir='ltr'><strong>et</strong></span> <span class='ocrx_word' id='word_1_195' title='bbox 1414 2342 1534 2394; x_wconf 95' lang='lat' dir='ltr'><strong>loco</strong></span> <span class='ocrx_word' id='word_1_196' title='bbox 1561 2348 1980 2411; x_wconf 88' lang='lat' dir='ltr'><strong>comparuerunt</strong></span> <span class='ocrx_word' id='word_1_197' title='bbox 2004 2341 2231 2411; x_wconf 92' lang='lat' dir='ltr'><strong>predicti</strong></span> <span class='ocrx_word' id='word_1_198' title='bbox 2256 2341 2422 2394; x_wconf 85' lang='lat' dir='ltr'><strong>abbas</strong></span> 
     </span>
     <span class='ocr_line' id='line_1_24' title="bbox 420 2425 2420 2498; baseline -0.003 -15"><span class='ocrx_word' id='word_1_199' title='bbox 420 2437 476 2483; x_wconf 89' lang='lat' dir='ltr'><strong>et</strong></span> <span class='ocrx_word' id='word_1_200' title='bbox 542 2437 841 2483; x_wconf 90' lang='lat' dir='ltr'><strong>conventus</strong></span> <span class='ocrx_word' id='word_1_201' title='bbox 908 2446 1006 2498; x_wconf 89' lang='lat' dir='ltr'><strong>per</strong></span> <span class='ocrx_word' id='word_1_202' title='bbox 1052 2434 1453 2497; x_wconf 90' lang='lat' dir='ltr'><strong>procuratorem</strong></span> <span class='ocrx_word' id='word_1_203' title='bbox 1521 2445 1678 2477; x_wconf 89' lang='lat' dir='ltr'><strong>suum</strong></span> <span class='ocrx_word' id='word_1_204' title='bbox 1737 2425 2082 2495; x_wconf 90' lang='lat' dir='ltr'><strong>legittimum,</strong></span> <span class='ocrx_word' id='word_1_205' title='bbox 2132 2444 2194 2477; x_wconf 90' lang='lat' dir='ltr'><strong>ac</strong></span> <span class='ocrx_word' id='word_1_206' title='bbox 2245 2426 2420 2478; x_wconf 90' lang='lat' dir='ltr'><strong>dictus</strong></span> 
     </span>
     <span class='ocr_line' id='line_1_25' title="bbox 419 2510 2420 2582; baseline -0.001 -16"><span class='ocrx_word' id='word_1_207' title='bbox 419 2514 726 2566; x_wconf 91' lang='lat' dir='ltr'><strong>Willelmus</strong></span> <span class='ocrx_word' id='word_1_208' title='bbox 755 2513 1022 2582; x_wconf 91' lang='lat' dir='ltr'><strong>Campiun</strong></span> <span class='ocrx_word' id='word_1_209' title='bbox 1048 2511 1400 2581; x_wconf 88' lang='lat' dir='ltr'><strong>personaliter</strong></span> <span class='ocrx_word' id='word_1_210' title='bbox 1425 2510 1625 2562; x_wconf 92' lang='lat' dir='ltr'><strong>ibidem</strong></span> <span class='ocrx_word' id='word_1_211' title='bbox 1653 2510 1955 2578; x_wconf 90' lang='lat' dir='ltr'><strong>comparuit</strong></span> <span class='ocrx_word' id='word_1_212' title='bbox 1972 2527 2147 2561; x_wconf 90' lang='lat' dir='ltr'><strong>coram</strong></span> <span class='ocrx_word' id='word_1_213' title='bbox 2177 2511 2420 2578; x_wconf 91' lang='lat' dir='ltr'><strong>predicto</strong></span> 
     </span>
     <span class='ocr_line' id='line_1_26' title="bbox 419 2595 2422 2668; baseline -0.001 -16"><span class='ocrx_word' id='word_1_214' title='bbox 419 2599 692 2668; x_wconf 84' lang='lat' dir='ltr'><strong>episcopO,</strong></span> <span class='ocrx_word' id='word_1_215' title='bbox 718 2617 824 2668; x_wconf 92' lang='lat' dir='ltr'><strong>quo</strong></span> <span class='ocrx_word' id='word_1_216' title='bbox 844 2617 942 2667; x_wconf 90' lang='lat' dir='ltr'><strong>pro</strong></span> <span class='ocrx_word' id='word_1_217' title='bbox 968 2597 1227 2650; x_wconf 89' lang='lat' dir='ltr'><strong>tribunali</strong></span> <span class='ocrx_word' id='word_1_218' title='bbox 1253 2597 1474 2648; x_wconf 89' lang='lat' dir='ltr'><strong>sedente</strong></span> <span class='ocrx_word' id='word_1_219' title='bbox 1494 2616 1509 2661; x_wconf 86' lang='lat'>3</span> <span class='ocrx_word' id='word_1_220' title='bbox 1554 2595 1899 2664; x_wconf 88' lang='lat' dir='ltr'><strong>recitatisque</strong></span> <span class='ocrx_word' id='word_1_221' title='bbox 1933 2595 1989 2646; x_wconf 93' lang='lat' dir='ltr'><strong>in</strong></span> <span class='ocrx_word' id='word_1_222' title='bbox 2008 2595 2214 2663; x_wconf 89' lang='lat' dir='ltr'><strong>judicio</strong></span> <span class='ocrx_word' id='word_1_223' title='bbox 2242 2614 2422 2649; x_wconf 89' lang='lat' dir='ltr'><strong>coram</strong></span> 
     </span>
     <span class='ocr_line' id='line_1_27' title="bbox 417 2681 2422 2754; baseline -0.001 -17"><span class='ocrx_word' id='word_1_224' title='bbox 417 2685 510 2737; x_wconf 85' lang='lat' dir='ltr'><strong>illo</strong></span> <span class='ocrx_word' id='word_1_225' title='bbox 553 2683 966 2754; x_wconf 88' lang='lat' dir='ltr'><strong>excepcionibus</strong></span> <span class='ocrx_word' id='word_1_226' title='bbox 1013 2701 1174 2753; x_wconf 91' lang='lat' dir='ltr'><strong>supra</strong></span> <span class='ocrx_word' id='word_1_227' title='bbox 1199 2682 1399 2734; x_wconf 87' lang='lat' dir='ltr'><strong>notatis</strong></span> <span class='ocrx_word' id='word_1_228' title='bbox 1434 2681 1563 2733; x_wconf 86' lang='lat' dir='ltr'><strong>folio</strong></span> <span class='ocrx_word' id='word_1_229' title='bbox 1605 2681 1870 2751; x_wconf 86' lang='lat' dir='ltr'><strong>septim03</strong></span> <span class='ocrx_word' id='word_1_230' title='bbox 1897 2681 2185 2750; x_wconf 89' lang='lat' dir='ltr'><strong>habitaque</strong></span> <span class='ocrx_word' id='word_1_231' title='bbox 2230 2701 2422 2752; x_wconf 89' lang='lat' dir='ltr'><strong>magna</strong></span> 
     </span>
     <span class='ocr_line' id='line_1_28' title="bbox 417 2765 2419 2838; baseline -0.002 -16"><span class='ocrx_word' id='word_1_232' title='bbox 417 2770 767 2823; x_wconf 90' lang='lat' dir='ltr'><strong>altercacione</strong></span> <span class='ocrx_word' id='word_1_233' title='bbox 791 2770 933 2822; x_wconf 90' lang='lat' dir='ltr'><strong>inter</strong></span> <span class='ocrx_word' id='word_1_234' title='bbox 956 2776 1137 2838; x_wconf 90' lang='lat' dir='ltr'><strong>partes</strong></span> <span class='ocrx_word' id='word_1_235' title='bbox 1166 2785 1327 2836; x_wconf 92' lang='lat' dir='ltr'><strong>super</strong></span> <span class='ocrx_word' id='word_1_236' title='bbox 1351 2767 1575 2831; x_wconf 90' lang='lat' dir='ltr'><strong>eisdem,</strong></span> <span class='ocrx_word' id='word_1_237' title='bbox 1601 2766 1818 2817; x_wconf 90' lang='lat' dir='ltr'><strong>demum</strong></span> <span class='ocrx_word' id='word_1_238' title='bbox 1863 2766 2104 2836; x_wconf 79' lang='lat' dir='ltr'><strong>prefatus</strong></span> <span class='ocrx_word' id='word_1_239' title='bbox 2131 2765 2419 2836; x_wconf 86' lang='lat' dir='ltr'><strong>episcopus</strong></span> 
     </span>
     <span class='ocr_line' id='line_1_29' title="bbox 416 2851 2420 2926; baseline -0.002 -17"><span class='ocrx_word' id='word_1_240' title='bbox 416 2856 828 2926; x_wconf 89' lang='lat' dir='ltr'><strong>interloquendo</strong></span> <span class='ocrx_word' id='word_1_241' title='bbox 878 2854 1258 2924; x_wconf 89' lang='lat' dir='ltr'><strong>pronunciavit</strong></span> <span class='ocrx_word' id='word_1_242' title='bbox 1305 2855 1419 2906; x_wconf 89' lang='lat' dir='ltr'><strong>fore</strong></span> <span class='ocrx_word' id='word_1_243' title='bbox 1469 2852 1871 2922; x_wconf 87' lang='lat' dir='ltr'><strong>procedendum</strong></span> <span class='ocrx_word' id='word_1_244' title='bbox 1922 2851 1990 2903; x_wconf 90' lang='lat' dir='ltr'><strong>ad</strong></span> <span class='ocrx_word' id='word_1_245' title='bbox 2056 2852 2420 2921; x_wconf 89' lang='lat' dir='ltr'><strong>provisionem</strong></span> 
     </span>
     <span class='ocr_line' id='line_1_30' title="bbox 419 2935 2420 3007; baseline -0.002 -14"><span class='ocrx_word' id='word_1_246' title='bbox 419 2941 548 2993; x_wconf 89' lang='lat' dir='ltr'><strong>dicti</strong></span> <span class='ocrx_word' id='word_1_247' title='bbox 572 2940 834 2993; x_wconf 91' lang='lat' dir='ltr'><strong>Willelmi</strong></span> <span class='ocrx_word' id='word_1_248' title='bbox 859 2939 926 2992; x_wconf 92' lang='lat' dir='ltr'><strong>de</strong></span> <span class='ocrx_word' id='word_1_249' title='bbox 967 2938 1191 2992; x_wconf 89' lang='lat' dir='ltr'><strong>ecclesia</strong></span> <span class='ocrx_word' id='word_1_250' title='bbox 1223 2937 1464 3007; x_wconf 89' lang='lat' dir='ltr'><strong>predicta</strong></span> <span class='ocrx_word' id='word_1_251' title='bbox 1507 2936 1573 2988; x_wconf 92' lang='lat' dir='ltr'><strong>de</strong></span> <span class='ocrx_word' id='word_1_252' title='bbox 1611 2935 1898 3005; x_wconf 90' lang='lat' dir='ltr'><strong>Cloptona,</strong></span> <span class='ocrx_word' id='word_1_253' title='bbox 1925 2954 2032 2987; x_wconf 91' lang='lat' dir='ltr'><strong>non</strong></span> <span class='ocrx_word' id='word_1_254' title='bbox 2078 2935 2420 2988; x_wconf 87' lang='lat' dir='ltr'><strong>obstantibus</strong></span> 
     </span>
     <span class='ocr_line' id='line_1_31' title="bbox 419 3021 2423 3095; baseline -0.002 -17"><span class='ocrx_word' id='word_1_255' title='bbox 419 3026 833 3095; x_wconf 87' lang='lat' dir='ltr'><strong>excepcionibus</strong></span> <span class='ocrx_word' id='word_1_256' title='bbox 858 3023 1265 3095; x_wconf 83' lang='lat' dir='ltr'><strong>prenominatiS.</strong></span> <span class='ocrx_word' id='word_1_257' title='bbox 1328 3023 1649 3074; x_wconf 88' lang='lat' dir='ltr'><strong>Procurator</strong></span> <span class='ocrx_word' id='word_1_258' title='bbox 1667 3039 1796 3074; x_wconf 93' lang='lat' dir='ltr'><strong>vero</strong></span> <span class='ocrx_word' id='word_1_259' title='bbox 1821 3021 2186 3090; x_wconf 89' lang='lat' dir='ltr'><strong>predictorum</strong></span> <span class='ocrx_word' id='word_1_260' title='bbox 2213 3022 2423 3091; x_wconf 90' lang='lat' dir='ltr'><strong>religio-</strong></span> 
     </span>
     <span class='ocr_line' id='line_1_32' title="bbox 422 3106 2422 3180; baseline -0.002 -20"><span class='ocrx_word' id='word_1_261' title='bbox 422 3128 603 3162; x_wconf 88' lang='lat' dir='ltr'><strong>sorum</strong></span> <span class='ocrx_word' id='word_1_262' title='bbox 652 3110 718 3162; x_wconf 91' lang='lat' dir='ltr'><strong>ab</strong></span> <span class='ocrx_word' id='word_1_263' title='bbox 767 3109 1082 3180; x_wconf 87' lang='lat' dir='ltr'><strong>hujusmodi</strong></span> <span class='ocrx_word' id='word_1_264' title='bbox 1138 3107 1542 3160; x_wconf 90' lang='lat' dir='ltr'><strong>interlocutoria</strong></span> <span class='ocrx_word' id='word_1_265' title='bbox 1592 3124 1689 3159; x_wconf 89' lang='lat' dir='ltr'><strong>seu</strong></span> <span class='ocrx_word' id='word_1_266' title='bbox 1737 3106 2188 3176; x_wconf 88' lang='lat' dir='ltr'><strong>pronunciacione</strong></span> <span class='ocrx_word' id='word_1_267' title='bbox 2240 3107 2422 3159; x_wconf 89' lang='lat' dir='ltr'><strong>sedem</strong></span> 
     </span>
     <span class='ocr_line' id='line_1_33' title="bbox 421 3191 2420 3264; baseline -0.002 -19"><span class='ocrx_word' id='word_1_268' title='bbox 421 3195 770 3264; x_wconf 85' lang='lat' dir='ltr'><strong>apostolicam</strong></span> <span class='ocrx_word' id='word_1_269' title='bbox 819 3203 874 3249; x_wconf 91' lang='lat' dir='ltr'><strong>et</strong></span> <span class='ocrx_word' id='word_1_270' title='bbox 924 3196 1107 3248; x_wconf 90' lang='lat' dir='ltr'><strong>sedem</strong></span> <span class='ocrx_word' id='word_1_271' title='bbox 1159 3194 1448 3247; x_wconf 90' lang='lat' dir='ltr'><strong>Cantuarie</strong></span> <span class='ocrx_word' id='word_1_272' title='bbox 1497 3211 1595 3263; x_wconf 92' lang='lat' dir='ltr'><strong>pro</strong></span> <span class='ocrx_word' id='word_1_273' title='bbox 1645 3192 1883 3245; x_wconf 87' lang='lat' dir='ltr'><strong>tuicione</strong></span> <span class='ocrx_word' id='word_1_274' title='bbox 1933 3192 2313 3263; x_wconf 88' lang='lat' dir='ltr'><strong>appellacionis</strong></span> <span class='ocrx_word' id='word_1_275' title='bbox 2354 3191 2420 3242; x_wconf 90' lang='lat' dir='ltr'><strong>ab</strong></span> 
     </span>
     <span class='ocr_line' id='line_1_34' title="bbox 423 3277 2420 3351; baseline -0.002 -20"><span class='ocrx_word' id='word_1_276' title='bbox 423 3279 613 3332; x_wconf 90' lang='lat' dir='ltr'><strong>eodem</strong></span> <span class='ocrx_word' id='word_1_277' title='bbox 638 3281 891 3351; x_wconf 86' lang='lat' dir='ltr'><strong>episcopo</strong></span> <span class='ocrx_word' id='word_1_278' title='bbox 915 3281 1277 3335; x_wconf 88' lang='lat' dir='ltr'><strong>incontinenti</strong></span> <span class='ocrx_word' id='word_1_279' title='bbox 1302 3280 1563 3351; x_wconf 89' lang='lat' dir='ltr'><strong>legittime</strong></span> <span class='ocrx_word' id='word_1_280' title='bbox 1588 3279 1859 3350; x_wconf 85' lang='lat' dir='ltr'><strong>apellavit,</strong></span> <span class='ocrx_word' id='word_1_281' title='bbox 1884 3279 2119 3332; x_wconf 89' lang='lat' dir='ltr'><strong>adiciens</strong></span> <span class='ocrx_word' id='word_1_282' title='bbox 2164 3277 2420 3347; x_wconf 89' lang='lat' dir='ltr'><strong>quasdam</strong></span> 
     </span>
     <span class='ocr_line' id='line_1_35' title="bbox 423 3363 1282 3434; baseline 0.001 -18"><span class='ocrx_word' id='word_1_283' title='bbox 423 3363 719 3434; x_wconf 86' lang='lat' dir='ltr'><strong>peticiones</strong></span> <span class='ocrx_word' id='word_1_284' title='bbox 748 3364 849 3418; x_wconf 88' lang='lat' dir='ltr'><strong>sub</strong></span> <span class='ocrx_word' id='word_1_285' title='bbox 873 3365 975 3419; x_wconf 88' lang='lat' dir='ltr'><strong>hac</strong></span> <span class='ocrx_word' id='word_1_286' title='bbox 999 3366 1172 3420; x_wconf 80' lang='lat' dir='ltr'><strong>forma</strong></span> <span class='ocrx_word' id='word_1_287' title='bbox 1193 3384 1282 3417; x_wconf 85' lang='lat'><strong>:—</strong></span> 
     </span>
    </p>

    <p class='ocr_par' dir='ltr' id='par_1_4' title="bbox 498 3463 2134 3500">
     <span class='ocr_line' id='line_1_36' title="bbox 498 3463 2134 3500; baseline -0.002 0"><span class='ocrx_word' id='word_1_288' title='bbox 498 3465 685 3500; x_wconf 83' lang='lat' dir='ltr'><strong>GAMD.</strong></span> <span class='ocrx_word' id='word_1_289' title='bbox 714 3464 835 3500; x_wconf 81' lang='lat' dir='ltr'><strong>soe.</strong></span> <span class='ocrx_word' id='word_1_290' title='bbox 2094 3463 2134 3496; x_wconf 85' lang='lat' dir='ltr'>N</span> 
     </span>
    </p>
   </div>
  </div>
 </body>
</html>
