2774 3952
31 747 182 785 Peticio
193 745 379 784 secunda.

33 915 262 965 Responsio.

38 1259 187 1297 Peticio
206 1259 340 1296 tercia.

40 1695 269 1744 Responsio.

399 427 469 472 60
930 435 1286 471 CHRONICON
1318 435 1857 471 PETROBURGENSE.

397 565 579 633 Regis,
604 571 990 616 concesserunt
1016 562 1158 632 quod
1186 562 1303 630 ipsa
1343 560 1740 629 quintadecima
1773 560 2014 612 solvatur
2051 561 2234 630 aliquo
2263 579 2412 613 com-

398 651 608 719 petenti
634 650 863 702 termino
891 649 1022 701 citra
1052 649 1272 700 Pascha.

473 735 721 787 Secunda
745 734 942 804 peticio
982 734 1086 785 fuit
1129 734 1271 802 quod
1301 751 1489 785 omnes
1518 732 1743 800 predicti
1785 732 2147 785 concederent
2186 733 2412 786 domino

402 822 535 890 Regi
562 822 738 873 adhuc
765 821 830 872 de
856 838 1000 871 novo
1029 819 1290 871 decimam
1317 819 1479 870 trium
1508 836 1772 870 annorum
1800 819 2126 870 futurorum.

473 907 560 958 Ad
605 925 765 976 quam
809 906 1133 975 peticionem
1177 905 1280 956 fuit
1316 923 1656 974 responsum,
1708 905 1851 973 quod
1897 905 2001 957 hoc
2052 905 2203 956 nullo
2245 905 2412 957 modo

398 1002 694 1062 potuerunt
754 1001 873 1044 tum
918 1001 1138 1061 propter
1178 993 1381 1043 honera
1439 1000 1494 1042 et
1537 991 1846 1060 gravamina
1890 1010 1994 1060 que
2037 1001 2416 1061 precesserunt

401 1089 456 1131 et
493 1079 670 1130 adhuc
707 1078 949 1130 recencia
989 1078 1187 1128 durant
1231 1077 1372 1128 ultra
1416 1077 1638 1127 modum
1693 1077 2028 1145 oppressiva,
2079 1086 2198 1128 tum
2251 1077 2416 1129 etiam

402 1165 525 1234 quia
551 1182 661 1215 non
686 1170 920 1231 possunt
943 1160 1047 1211 hoc
1073 1159 1366 1210 concedere
1392 1157 1613 1210 domino
1640 1177 1780 1227 papa
1806 1159 2133 1212 inconsulto·
2172 1169 2177 1173 “

474 1249 656 1301 Tertia
679 1247 878 1318 peticio
905 1245 1010 1297 fuit
1046 1245 1191 1314 quod
1218 1244 1446 1313 predicti
1485 1245 1924 1315 archiepiscopus
1952 1254 2008 1298 et
2051 1247 2215 1299 ceteri
2253 1246 2416 1298 armi-

403 1355 556 1406 geros
584 1353 711 1387 suos
738 1353 834 1386 seu
858 1333 1063 1385 valetos
1091 1349 1189 1400 pro
1211 1331 1465 1400 qualitate
1492 1339 1547 1382 et
1573 1332 1871 1400 quantitate
1895 1332 2165 1384 bonorum
2193 1351 2412 1385 suorum

405 1422 837 1475 transmitterent
887 1419 953 1471 ad
978 1417 1233 1469 Walliam
1259 1417 1315 1467 in
1360 1417 1692 1485 adjutorium
1733 1418 1940 1469 domini
1968 1419 2131 1487 Regis
2173 1419 2242 1470 ad
2278 1437 2415 1488 pug—

406 1508 664 1572 nandum,
691 1506 776 1558 vel
816 1504 1130 1575 hujusmodi
1170 1503 1636 1555 transmissionem
1663 1504 1991 1556 redimerent
2032 1523 2130 1573 pro
2156 1504 2417 1573 peccunia

410 1593 629 1646 domino
658 1591 792 1661 Regi
812 1591 1150 1644 destinanda.

483 1680 571 1731 Ad
597 1698 757 1748 quam
799 1678 1127 1748 peticionem
1172 1677 1249 1728 sic
1290 1676 1395 1728 fuit
1419 1695 1763 1746 responsum,
1789 1678 2059 1742 videlicet,
2105 1679 2251 1747 quod
2291 1697 2416 1730 cum

410 1766 707 1818 secundum
727 1772 1017 1833 utrumque
1027 1764 1118 1833 jus
1136 1764 1380 1815 divinum
1400 1775 1454 1815 et
1471 1764 1787 1816 canonicum
1806 1766 2119 1833 prosecucio
2142 1766 2415 1834 sanguinis

410 1871 507 1904 seu
531 1850 842 1903 interfeccio
869 1850 1154 1901 hominum
1173 1849 1244 1901 sit
1263 1849 1405 1901 clero
1432 1849 1651 1918 penitus
1671 1850 1957 1902 interdicta
1977 1871 1992 1915 3
2018 1850 2123 1920 ipsi
2140 1851 2207 1903 ad
2225 1851 2417 1921 hujus-

411 1937 558 1989 modi
576 1936 1041 1988 transmissionem
1059 1935 1445 2004 armigerorum
1473 1954 1568 1987 seu
1595 1935 1933 1999 valletorum,
1956 1954 2052 1988 seu
2078 1936 2146 1987 ad
2166 1937 2414 2006 redemp-

412 2023 621 2074 cionem
662 2021 834 2091 ipsius
861 2020 1308 2084 transmissionis,
1353 2020 1503 2071 nullo
1539 2020 1704 2072 modo
1747 2020 2073 2072 tenebantur
2098 2040 2198 2074 nec
2224 2031 2418 2091 potue-

414 2116 558 2171 runt,
586 2115 703 2157 tum
729 2115 954 2176 propter
972 2105 1111 2174 juris
1145 2104 1643 2174 inpossibilitatem,
1669 2113 1787 2156 tum
1815 2115 2038 2174 propter
2078 2117 2264 2159 notam
2289 2109 2421 2160 irre-

407 2193 724 2263 gularitatiS,
763 2211 924 2262 quam
970 2192 1086 2244 sine
1127 2190 1292 2243 dubio
1335 2191 1689 2257 incurrerent,
1731 2192 1776 2242 si
1821 2192 2077 2261 peticioni
2102 2194 2419 2263 hujusmodi

410 2280 833 2349 adquiescerent.

483 2365 658 2435 Super
675 2366 779 2416 hiis
807 2374 861 2416 et
877 2365 992 2416 aliis
1010 2366 1357 2417 consulendis
1384 2374 1439 2417 et
1463 2365 1622 2418 certis
1649 2366 2094 2436 responsionibus
2122 2367 2332 2432 dandiS,
2353 2386 2416 2420 eo

412 2452 556 2519 quod
596 2470 785 2502 omnes
812 2451 1003 2519 prelati
1043 2451 1134 2520 qui
1160 2452 1374 2503 fuerant
1400 2451 1548 2504 citati
1574 2470 1683 2503 non
1723 2461 1876 2504 erant
1901 2460 2032 2505 tunc
2056 2452 2258 2505 ibidem
2296 2472 2416 2524 pre-

413 2544 612 2598 senteS,
653 2535 923 2604 assignata
963 2543 1047 2587 est
1088 2536 1201 2587 dies
1241 2536 1298 2587 in
1337 2544 1445 2588 tres
1488 2537 1818 2606 septimanas
1861 2546 1990 2606 post
2028 2539 2234 2590 Pascha
2273 2540 2419 2609 apud

415 2621 744 2673 Londonias.
822 2621 1032 2673 Eodem
1063 2639 1190 2672 vero
1228 2630 1472 2690 tempore
1511 2622 1659 2673 citati
1693 2624 1914 2674 fuerunt
1949 2642 2137 2676 omnes
2165 2625 2233 2675 ad
2271 2644 2418 2677 arma

416 2692 744 2775 potentes-et
769 2715 924 2777 aptos
951 2708 1043 2776 qui
1068 2706 1375 2759 habuerunt
1402 2726 1515 2759 .xx.
1541 2707 1760 2759 libratas
1786 2716 1944 2772 terre,
1971 2709 2116 2777 quod
2140 2700 2417 2778 ¹compare-

414 2800 534 2844 rent
556 2791 758 2844 ibidem
786 2792 871 2844 die
898 2791 1224 2862 supradicto,
1253 2792 1352 2843 sub
1379 2792 1478 2843 hac
1505 2793 1693 2844 forma.

486 2875 783 2928 Edwardus
834 2877 940 2929 Dei
999 2877 1169 2947 gratia
1229 2877 1533 2929 vicecomiti
1596 2877 2009 2942 Norhamtonie,
2072 2886 2172 2930 etc.
2275 2879 2419 2933 Quia

414 2961 717 3013 Lewelinus
743 2971 846 3014 etc.
861 2969 1115 3030 utsupra.
1159 2963 1281 3015 Tibi
1307 2963 1635 3032 precipimus
1661 2963 1886 3016 firmiter
1900 2952 2243 3032 injungentes
2271 2965 2417 3034 quod

415 3046 598 3098 venire
624 3047 786 3099 facias
814 3067 993 3100 coram
1037 3047 1196 3100 nobis
1222 3048 1279 3099 in
1308 3048 1514 3100 octabis
1555 3048 1728 3100 sancti
1756 3049 1923 3100 Illarii
1962 3049 2107 3118 apud
2147 3049 2420 3101 Norbam-

414 3133 637 3196 toniam,
664 3141 758 3184 aut
792 3152 972 3185 coram
1001 3133 1250 3186 fidelibus
1284 3134 1489 3185 nostris
1517 3153 1653 3203 quos
1680 3135 1747 3185 ad
1774 3134 1877 3185 hoc
1903 3134 2218 3186 duxerimus
2245 3135 2417 3205 depu-

412 3218 626 3283 tandOS,
652 3237 840 3271 omnes
865 3219 986 3271 illos
1029 3219 1094 3272 de
1121 3219 1314 3271 balliva
1355 3227 1448 3270 tua
1483 3219 1553 3270 ad·
1594 3239 1742 3271 arma
1778 3227 2031 3290 potentes
2058 3230 2114 3273 et
2139 3230 2296 3290 aptos
2324 3222 2416 3291 qui

413 3303 615 3357 habent
650 3323 739 3356 xx.
761 3305 979 3357 libratas
1006 3313 1145 3357 terre
1185 3313 1239 3357 et
1265 3303 1355 3373 qui
1381 3303 1666 3356 nobiscum
1699 3305 1756 3357 in
1784 3305 2134 3374 expedicione
2155 3315 2341 3359 nostra
2359 3308 2412 3359 in
