2774 3952
122 2468 218 2522 (fol.
240 2483 295 2510 cv.
317 2469 394 2523 νο.)

124 2546 185 2584 De
201 2547 356 2585 eodem.

1020 454 1375 492 cHRonoN
1405 457 1949 494 PETROBURGENSE.
2420 447 2507 495 91.

487 578 656 648 gratia
681 578 963 632 Lincolnie
990 581 1262 651 episcop0‚
1289 583 1566 652 provisore
1595 583 1856 636 Willelmi
1886 581 2157 652 Campiun
2185 581 2250 634 de
2272 582 2488 653 Irtling-

488 663 661 733 burgo
700 666 876 718 clerici
916 686 946 718 a
989 668 1115 720 sede
1155 669 1453 738 apostolica
1497 670 1776 738 deputatO,
1816 668 1885 720 ad
1927 667 2111 720 sedem
2137 667 2488 737 apostolicam

489 756 546 801 et
585 750 769 802 sedem
826 751 1115 805 Cantuarie
1164 771 1262 822 pro
1307 753 1543 806 tuicione
1599 771 1774 823 nuper
1823 752 2170 822 interpositas
2214 753 2272 804 in
2328 771 2489 805 causa

490 853 586 886 seu
641 835 863 904 negocio
925 843 1073 888 mota
1123 856 1219 889 seu
1281 845 1430 889 moto
1459 906 1463 911 ³
1496 855 1676 890 coram
1736 837 1893 890 vobis
1957 856 2118 908 super
2178 837 2488 907 provisione

490 920 735 989 ejusdem
772 921 1032 973 Willelmi
1072 922 1138 974 de
1176 921 1419 974 Ecclesia
1462 923 1529 974 de
1572 922 1843 992 Cloptona
1878 931 2122 988 vacante,
2162 931 2217 976 et
2255 923 2324 975 ad
2367 941 2489 993 pre-

491 1006 855 1059 sentacionem
911 1006 1177 1059 dictorum
1228 1007 1572 1060 dominorum
1624 1027 1869 1061 meorum
1927 1018 2224 1079 spectante,
2278 1009 2333 1061 in
2385 1009 2489 1061 hiis

492 1091 704 1160 scriptis
741 1091 962 1156 innovo,
1000 1102 1056 1145 et
1095 1111 1162 1145 ex
1200 1092 1539 1146 habundanti
1584 1094 1798 1146 easdem
1838 1096 1991 1148 sedes
2035 1115 2066 1147 a
2103 1095 2260 1148 vobis
2297 1095 2488 1147 iterato

489 1178 738 1247 appe1103
791 1178 1040 1231 videlicet
1076 1186 1194 1230 tum
1232 1197 1331 1249 pro
1370 1198 1434 1232 eo
1473 1180 1617 1249 quod
1656 1182 1988 1250 procuratori
2029 1182 2273 1251 ipsorum
2318 1181 2491 1233 domi-

488 1281 683 1315 norum
701 1281 944 1336 meorum
970 1265 1219 1334 congruis
1244 1266 1364 1318 loco
1403 1275 1457 1319 et
1481 1274 1723 1336 tempore
1748 1267 2022 1319 humiliter
2047 1286 2077 1319 a
2101 1267 2256 1320 vobis
2282 1268 2491 1337 petenti

490 1349 781 1401 terminum
819 1351 1243 1420 peremptorium
1271 1351 1374 1404 sibi
1399 1352 1658 1422 assignari
1695 1355 1763 1406 ad
1802 1354 2105 1407 exhibenda
2129 1354 2186 1406 in
2212 1353 2490 1423 presencia

490 1440 668 1485 vestra
691 1434 964 1504 privilegia
987 1435 1228 1504 ipsorum
1250 1436 1591 1489 dominorum
1609 1439 1853 1491 meorum
1880 1439 1983 1491 sibi
2002 1459 2032 1490 a
2053 1440 2179 1491 sede
2199 1439 2492 1508 apostolica

492 1536 764 1585 concessa,
791 1539 888 1590 per
913 1539 1016 1590 que
1044 1540 1100 1573 se
1115 1522 1256 1574 tueri
1279 1523 1635 1575 intendebant
1660 1532 1714 1576 et
1739 1524 2034 1576 intendunt
2059 1532 2247 1577 contra
2284 1524 2490 1576 dictum

490 1604 826 1657 Willelmum
884 1606 1171 1676 Campiun,
1226 1626 1296 1661 ne
1357 1609 1425 1660 ad
1479 1609 1651 1678 ipsius
1701 1610 2066 1679 provisionem
2130 1611 2196 1662 de
2270 1609 2495 1662 ecclesia

491 1689 558 1741 de
623 1689 894 1761 Cloptona
941 1693 1183 1761 predicta
1237 1695 1527 1764 procedere
1585 1694 1870 1760 deberetiS‚
1932 1694 2247 1765 hujusmodi
2310 1695 2494 1747 termi-

489 1793 622 1827 num
673 1795 767 1829 seu
819 1778 1138 1831 dilacionem
1193 1780 1484 1832 concedere
1547 1779 1833 1832 recusastis
1884 1780 2065 1832 minus
2121 1780 2309 1848 juste3
2373 1787 2491 1831 tum

490 1861 652 1912 etiam
688 1879 787 1930 pro
827 1879 891 1915 eo
932 1863 1076 1932 quod
1116 1871 1516 1933 procuratorem
1560 1865 1825 1916 dictorum
1871 1864 2213 1917 dominorum
2247 1882 2493 1916 meorum

489 1946 813 2016 legittimum
838 1949 895 2000 in
934 1949 1076 2001 dicta
1118 1959 1278 2002 causa
1322 1968 1415 2002 seu
1457 1950 1680 2019 negocio
1709 1957 1896 2003 contra
1922 1950 2126 2002 dictum
2152 1949 2491 2002 Willelmum

493 2032 763 2102 Campiun
790 2041 844 2085 et
869 2034 984 2102 ejus
1010 2033 1218 2086 libellos
1246 2034 1690 2087 convencionales
1716 2035 1857 2104 parti
1892 2035 2186 2086 eorundem
2215 2041 2491 2103 porrectos

492 2119 807 2188 excipiendo
833 2120 890 2171 in
916 2121 1088 2171 forma
1106 2119 1261 2188 juriS‚
1287 2127 1682 2189 proponentem
1704 2120 1850 2188 quod
1875 2139 1999 2172 cum
2026 2120 2231 2172 eisdem
2258 2118 2490 2171 dominis

494 2203 604 2255 suis
632 2204 702 2255 sit
726 2203 792 2255 ab
820 2204 1114 2273 apostolica
1141 2204 1266 2256 sede
1294 2203 1593 2273 specialiter
1627 2204 1900 2257 indultum
1920 2213 1981 2256 ut
2005 2205 2139 2256 nulli
2164 2222 2260 2274 per
2283 2204 2491 2256 litteras

493 2289 812 2358 apostolicas
832 2289 919 2341 vel
943 2290 1238 2358 legatorum
1265 2288 1558 2358 apostolice
1587 2289 1728 2341 sedis
1751 2289 1816 2342 de
1842 2289 2102 2342 beneficio
2130 2289 2489 2342 ecclesiastico

491 2375 579 2427 vel
604 2376 865 2444 pensione
903 2382 1188 2427 teneantur
1227 2375 1526 2444 providere,
1552 2374 1659 2426 nisi
1697 2375 1754 2426 in
1794 2375 1997 2427 eisdem
2034 2375 2227 2427 litteris
2253 2375 2412 2444 plena
2436 2386 2492 2428 et

493 2465 782 2530 expressas
802 2461 868 2514 de
892 2461 1206 2530 hujusmodi
1231 2460 1572 2530 indulgencia
1597 2460 1807 2513 mencio
1832 2460 2094 2512 habeatur
2108 2481 2124 2526 3
2151 2461 2328 2512 littere
2365 2478 2490 2530 pro-

492 2546 687 2599 visorie
732 2547 861 2599 dicti
893 2545 1147 2599 Willelmi
1188 2547 1254 2599 de
1293 2546 1635 2616 indulgencia
1673 2545 1915 2615 predicta
1968 2564 2079 2597 non
2121 2546 2377 2598 facientes
2423 2547 2489 2600 de

491 2631 806 2701 hujusmodi
831 2631 1169 2684 mencionem
1205 2630 1458 2683 carebant
1496 2639 1551 2682 et
1576 2637 1759 2683 carent
1795 2630 2007 2694 effecm,
2034 2648 2133 2682 nec
2169 2648 2268 2682 vos
2307 2649 2490 2684 earum

490 2725 742 2788 pretextu
760 2718 1049 2787 procedere
1068 2717 1343 2786 potuistiS‚
1368 2735 1468 2769 nec
1493 2716 1558 2768 de
1579 2717 1700 2786 jure
1721 2715 1982 2768 debuistis
2001 2716 2069 2767 ad
2089 2715 2487 2771 execucionem.

493 2804 634 2856 Item
671 2804 816 2874 quod
854 2822 977 2856 cum
1005 2804 1071 2856 de
1115 2803 1370 2855 mandato
1410 2810 1553 2855 retro
1597 2802 1978 2872 pontificorum
2025 2802 2396 2854 Romanorum
2423 2803 2488 2855 de

492 2889 865 2942 ecclesiasticis
902 2889 1178 2943 beneficiis
1214 2892 1282 2943 ad
1308 2889 1574 2941 dictorum
1612 2888 1983 2957 religiosorum
2026 2888 2367 2941 collationem
2394 2907 2489 2941 seu

490 2975 957 3045 presentacionem
987 2974 1376 3044 spectantibuS,
1404 2981 1634 3043 quatuor
1658 2974 1745 3026 vel
1772 2973 2007 3042 quinque
2034 2973 2249 3025 clericis
2266 2973 2337 3025 sit
2364 2993 2488 3043 pro-

491 3060 666 3111 visum
715 3078 774 3112 ac
816 3059 1204 3112 monasterium
1249 3077 1435 3110 eorum
1478 3058 1535 3109 in
1584 3058 1688 3110 hoc
1738 3057 1804 3109 ab
1848 3057 1966 3126 ipsa
2017 3058 2143 3109 sede
2195 3058 2488 3126 apostolica

495 3152 774 3197 oneratum
802 3146 1016 3210 existat,
1039 3164 1137 3198 vos
1165 3145 1232 3196 ad
1257 3143 1622 3214 provisionem
1650 3143 1779 3196 dicti
1804 3143 2066 3195 Willelmi
2104 3143 2161 3195 in
2198 3144 2299 3195 hac
2336 3151 2487 3212 parte

495 3230 879 3281 monasterium
922 3230 1103 3299 ipsum
1145 3229 1367 3281 ulterius
1414 3229 1686 3281 onerando
1730 3228 2019 3298 procedere
2061 3246 2171 3279 non
2216 3226 2487 3296 potuisti8‚

496 3330 596 3364 nec
640 3313 706 3364 de
744 3314 863 3381 jure
907 3315 1186 3367 debuistis,
1264 3314 1407 3366 Item
1448 3315 1592 3383 quod
1634 3332 1757 3366 cum
1798 3322 1907 3365 tres
1933 3314 2018 3366 vel
2045 3321 2272 3382 quatuor
2313 3310 2488 3362 clerici

498 3396 692 3466 quibus
732 3398 797 3450 de
839 3398 1129 3452 beneficiis·
1159 3398 1530 3452 ecclesiasticis
1575 3398 1642 3450 ad
1681 3397 2143 3467 presentacionem
2190 3412 2284 3446 seu
2328 3395 2488 3448 colla-
