2774 3952
460 435 528 493 72
998 448 1355 484 onnonON
1383 446 1928 484 PETROBURGENsE.

455 576 701 629 Johanni
746 576 812 627 de
856 575 1163 645 Wengham
1190 582 1293 627 etc.
1320 575 1377 626 in
1418 575 1609 627 eadem
1651 574 1796 627 villa.
1874 574 2096 644 Precipe
2141 576 2373 628 Ricardo
2401 577 2467 629 de

455 663 745 715 Sibestona
795 662 942 732 quod
979 662 1127 731 juste
1172 669 1276 714 etc.
1336 661 1394 712 in
1438 661 1715 713 Waltona.
1792 660 2015 730 Precipe
2065 661 2340 715 Willelmo
2401 664 2467 715 de

452 748 745 801 Amewelle
790 748 937 818 quod
956 748 1104 817 juste
1149 756 1252 800 etc.
1278 748 1335 799 in
1362 747 1636 811 Waltona,
1663 746 1809 798 unde
1834 745 2002 798 nichil
2024 745 2207 811 habet,
2232 755 2295 799 ut
2321 748 2467 813 dicit,

452 843 508 887 et
566 836 713 888 unde
775 835 1021 904 queritur*
1076 835 1221 905 quod
1283 834 1514 904 predicti
1562 833 1748 898 abbaS,
1814 833 2110 899 Galfridus,
2167 834 2205 887 J
2208 835 2467 899 ohanneS,

453 921 715 974 Ricardus
743 929 799 973 et
822 920 1132 973 Willelmus
1175 920 1223 972 ei
1251 920 1566 973 deforciant.
1640 920 1718 971 Et
1744 918 1789 970 si
1814 938 1926 972 non
1969 919 2211 982 fecerint,
2256 926 2311 972 et
2347 938 2468 988 pre-

451 1008 595 1061 dicta
622 1008 778 1060 Sarra
798 1006 984 1059 fecerit
1003 1014 1058 1059 te
1086 1024 1334 1059 securum
1362 1007 1428 1058 de
1445 1005 1637 1058 clamio
1659 1025 1757 1058 suo
1784 1006 2160 1075 prosequendo
2187 1024 2284 1075 per
2301 1006 2465 1059 fidem

452 1112 623 1157 suam,
666 1091 792 1160 quia
835 1109 1041 1161 pauper
1080 1098 1180 1156 est,
1206 1099 1339 1143 tunc
1381 1109 1667 1144 summone
1707 1109 1805 1160 per
1828 1091 2004 1143 bonos
2044 1092 2464 1145 summonitores

450 1178 723 1248 predictos
769 1184 872 1230 etc.
911 1176 1058 1247 quod
1085 1177 1196 1228 sint
1221 1195 1404 1230 coram
1443 1177 1758 1246 justiciariis
1789 1176 1990 1229 nostris
2016 1177 2161 1246 apud
2186 1172 2465 1230 Westmo-

451 1261 746 1314 nasterium
771 1261 829 1313 in
855 1260 1063 1313 octabis
1092 1261 1263 1314 sancti
1282 1261 1590 1327 Michaelis,
1616 1262 1888 1314 ostensuri
1907 1281 2070 1332 quare
2086 1282 2198 1315 non
2223 1264 2464 1316 fecerint.

450 1347 526 1399 Et
550 1347 767 1412 habeaS,
794 1354 896 1400 etc.
971 1348 1155 1411 Teste,
1193 1356 1297 1400 etc.
1336 1348 1482 1418 apud
1509 1348 1780 1400 Rothelan
1810 1348 1955 1400 .xxii.
1983 1348 2069 1400 die
2103 1348 2140 1401 J
2144 1349 2276 1415 unii,
2319 1368 2462 1402 anno

448 1433 599 1503 regni
623 1433 797 1485 nostri
822 1433 924 1487 xio,
997 1434 1074 1486 Et
1097 1434 1220 1486 ideo
1258 1434 1359 1486 tibi
1384 1435 1582 1487 mando
1619 1434 1765 1504 quod
1791 1435 2106 1487 mandatum
2131 1435 2279 1488 istud
2304 1437 2462 1506 plene

450 1518 748 1588 exequariS,
774 1525 830 1571 et
861 1518 1059 1571 habere
1074 1520 1210 1572 mihi
1229 1521 1393 1574 facias
1421 1521 1525 1590 (in)
1555 1520 1737 1591 vigilia
1762 1520 2081 1573 Nativitatis
2101 1520 2258 1575 beate
2285 1523 2461 1575 Marie

450 1605 672 1661 nomina
698 1605 1155 1659 summonitorum
1182 1615 1237 1660 et
1262 1609 1366 1660 hoc
1390 1607 1572 1661 breve.

77 1696 328 1735 Irrotulaeio.
523 1690 709 1743 Abbas
737 1691 804 1744 de
830 1691 1014 1761 Burgo
1042 1693 1213 1746 sancti
1240 1694 1386 1747 Petri
1411 1701 1467 1746 et
1492 1711 1681 1747 omnes
1708 1692 1797 1745 alii
1832 1692 2125 1762 supradicti
2159 1693 2225 1744 ad
2254 1692 2457 1745 dictum

449 1777 595 1830 diem
618 1779 838 1830 fuerunt
863 1779 1139 1845 essoniati‚
1165 1788 1220 1833 et
1256 1780 1563 1834 habuerunt
1589 1779 1732 1833 diem
1756 1780 1814 1831 in
1841 1780 2074 1832 crastino
2100 1780 2419 1832 Animarum
2441 1802 2456 1846 3

449 1863 517 1915 ad
545 1882 707 1932 quem
734 1863 879 1917 diem
903 1864 1147 1934 predicta
1173 1865 1330 1918 Sarra
1355 1874 1411 1918 et
1434 1865 1596 1936 plegii
1623 1865 1707 1918 sui
1725 1865 1783 1916 in
1808 1864 2190 1929 misericordia,
2217 1872 2272 1917 et
2291 1864 2457 1917 abbas

449 1957 504 2002 et
522 1968 712 2003 omnes
739 1950 829 2002 alii
851 1952 1078 2022 predicti
1106 1959 1448 2006 recesserunt
1473 1953 1590 2005 sine
1617 1953 1719 2005 die.

523 2035 648 2088 Hoc
675 2053 817 2087 anno
843 2036 1193 2088 terminatum
1218 2038 1324 2090 fuit
1338 2038 1598 2108 placitum
1617 2045 1803 2090 contra
1823 2036 2105 2090 Mabiliam
2128 2037 2195 2089 de
2216 2037 2460 2107 Kening·

448 2130 596 2187 tona,
647 2122 925 2176 dominam
970 2124 1037 2177 de
1089 2123 1321 2190 Ketene,
1371 2132 1427 2177 et
1451 2124 1706 2177 Yvonem
1742 2124 1915 2176 filium
1972 2124 2107 2193 erS,
2152 2125 2219 2176 de
2262 2125 2458 2178 herede

449 2208 655 2261 domini
683 2209 827 2262 Petri
864 2210 938 2263 'de
982 2210 1035 2262 la
1074 2211 1250 2276 Mare,
1294 2228 1455 2281 quem
1497 2211 1839 2264 retinuerunt
1870 2217 2075 2264 -contra
2121 2211 2459 2264 voluntatem

449 2294 656 2348 domini
681 2294 890 2348 abbatis
917 2295 983 2348 de
1011 2296 1212 2365 Burgo,
1232 2295 1289 2348 in
1312 2297 1462 2350 hunc
1486 2297 1712 2350 modum
1735 2318 1824 2350 2-

78 2395 203 2434 Breve
223 2396 424 2445 originale.
523 2381 642 2432 Rex
666 2379 991 2432 Vicecomiti
1026 2381 1580 2435 Norhamtoniescire.
1657 2382 1882 2452 Precipe
1922 2381 2169 2448 Mabilie,
2210 2400 2314 2452 que
2351 2380 2456 2433 fuit

449 2484 586 2518 uxor
610 2465 863 2518 Nicholai
889 2466 955 2518 de
980 2466 1267 2532 Westona,
1294 2475 1351 2520 et
1363 2468 1551 2522 Yvoni
1576 2469 1642 2521 de
1670 2469 2041 2539 Keningtona,
2068 2470 2215 2538 quod
2227 2470 2376 2538 juste
2402 2475 2459 2520 et

450 2551 566 2604 sine
587 2550 846 2604 dilacione
866 2553 1097 2604 reddant
1112 2552 1295 2604 abbati
1315 2553 1382 2606 de
1403 2554 1586 2624 Burgo
1604 2554 1773 2607 sancti
1794 2555 1941 2607 Petri
1959 2555 2265 2608 Galfridum
2283 2555 2454 2607 filium

449 2645 505 2690 et
518 2637 773 2691 heredem
795 2637 942 2689 Petri
969 2637 1103 2689 dela
1119 2637 1295 2702 Mare,
1317 2639 1471 2708 cujus
1498 2641 1745 2692 custodia
1770 2642 1839 2694 ad
1852 2641 2032 2710 ipsum
2059 2641 2312 2692 abbatem
2331 2658 2452 2708 per-

448 2722 605 2787 tinet,
631 2740 695 2775 eo
722 2723 869 2792 quod
894 2722 1171 2793 predictus
1208 2723 1402 2775 Petrus
1428 2731 1628 2776 terram
1656 2743 1809 2776 suam
1837 2725 1904 2776 de
1929 2742 1994 2776 eo
2019 2724 2198 2776 tenuit
2219 2723 2320 2793 per
2345 2742 2458 2776 ser-

446 2808 647 2862 vicium
686 2808 936 2874 militare,
976 2817 1040 2861 ut
1090 2808 1237 2861 dicit.
1313 2809 1389 2860 Et
1414 2809 1520 2861 nisi
1553 2808 1845 2877 feceri(n)t,
1883 2816 1938 2861 et
1973 2809 2247 2879 predictus
2287 2809 2453 2862 abbas

446 2894 633 2946 fecerit
657 2901 711 2947 te
739 2912 992 2947 securum
1019 2894 1086 2946 de
1112 2893 1304 2946 clamio
1332 2913 1430 2947 suo
1456 2896 1852 2965 prosequendo,
1890 2902 2022 2948 tunc
2049 2914 2332 2948 summoue
2358 2914 2455 2966 per

446 2978 623 3037 bonos
666 2980 1086 3033 summonitores
1125 2980 1399 3050 predictos
1450 2981 1735 3034 Mabiliam
1778 2989 1834 3034 et
1871 2982 2124 3035 Yvonem
2159 2984 2306 3051 quod
2345 2983 2455 3035 sint

447 3083 628 3120 coram
647 3066 961 3136 justiciariis
983 3066 1186 3119 nostris
1227 3067 1372 3136 apud
1399 3067 1691 3138 Sallopiam
1717 3087 1748 3120 a
1786 3068 1872 3121 die
1911 3069 2116 3120 Pasche
2140 3068 2197 3120 in
2224 3088 2315 3122 xv·
2338 3070 2452 3122 dies

448 3151 721 3205 ostensuri
746 3169 910 3220 quare
949 3169 1057 3203 non
1087 3151 1330 3217 fecerint,
1357 3159 1413 3204 et
1447 3153 1647 3206 habeas
1690 3154 1767 3206 ibi
1804 3161 1908 3206 etc.
1981 3154 2144 3207 Teste
2179 3163 2283 3208 etc.
2308 3156 2454 3226 apud

449 3237 718 3291 Rothelan
748 3236 857 3290 .vii.
883 3236 968 3290 die
995 3237 1032 3290 J
1035 3236 1258 3302 anuarii,
1284 3255 1426 3290 anno
1453 3237 1603 3307 regni
1627 3237 1800 3291 nostri
1818 3238 1912 3291 xi⁰.

75 3335 333 3375 Inrotulacio.
521 3323 611 3377 Ad
636 3341 797 3394 quem
824 3323 968 3376 diem
995 3322 1224 3375 Mabilia
1249 3331 1304 3375 et
1345 3323 1470 3375 Yvo
1513 3324 1809 3394 supradicti
1851 3325 2072 3377 fuerunt
2097 3325 2372 3391 essoniati‚
2399 3333 2454 3378 et

449 3409 618 3463 abbas
640 3409 791 3464 venit
815 3409 1017 3463 ibidem
1043 3427 1139 3480 per
1176 3417 1528 3476 attornatum,
1567 3418 1622 3463 et
1660 3410 1970 3465 habuerunt
1996 3412 2138 3465 diem
2164 3413 2220 3464 in
2246 3411 2450 3465 octabis
