2774 3952
942 397 1295 434 cunomcox
1328 399 1868 436 PETROBURGENSE.
2345 388 2412 433 23

413 521 451 574 J
454 522 696 573 ohannes
724 522 789 574 de
818 523 1222 578 Folkeswirthe.
1298 525 1572 578 Dominus
1599 525 1906 577 Alexander
1931 523 2127 576 Bainol
2153 541 2251 592 pro
2278 532 2419 577 terra
2510 520 2514 524 ’

417 606 483 659 de
508 607 871 677 Ludingtona.
947 611 1218 663 Dominus
1244 611 1281 664 J
1285 612 1525 664 ohannes
1552 612 1799 680 Engayn.
1838 610 2076 662 Thomas
2113 609 2179 660 de
2207 609 2421 661 Deivila

415 691 473 743 in
500 692 814 746 Wodeford.
891 697 1163 748 Dominus
1193 697 1468 749 Galfridus
1508 697 1575 748 de
1615 697 1874 764 Suthorp.
1915 695 2196 748 Johannes
2231 695 2281 747 le
2308 695 2424 747 De-

415 795 612 847 penser
631 779 687 830 in
713 780 1054 833 Armestona.
1131 782 1403 842 Dominus
1423 782 1662 834 Thomas
1691 781 1757 833 de
1784 781 1980 833 Nevila
2006 781 2061 832 in
2083 780 2339 833 Lindesei
2356 782 2422 833 de

418 870 727 917 tenemento
762 866 907 935 quod
950 866 1223 935 quondam
1249 866 1426 918 tenuit
1451 867 1517 918 de
1552 865 1774 918 domino
1803 866 2048 918 Galfrido
2076 865 2142 917 de
2171 866 2421 917 Miltona.

423 948 644 1017 (Ant)ea
667 968 888 1002 assensu
914 951 1194 1021 utriusque
1220 952 1387 1022 partis
1414 958 1748 1003 attornatum
1773 951 1876 1003 fuit
1903 952 2110 1003 dictum
2139 951 2422 1003 servicium

421 1035 550 1088 dieti
587 1036 883 1088 tenementi
932 1036 1154 1090 domino
1206 1037 1447 1090 Roberto
1499 1038 1565 1090 de
1611 1037 1844 1090 Suttona
1882 1037 2254 1107 predecessori
2295 1037 2425 1089 dicti

422 1120 628 1172 domini
667 1120 880 1172 Ricardi
924 1120 1153 1174 abbatis.
1254 1123 1394 1174 Item
1446 1122 1624 1174 dictus
1667 1123 1920 1175 dominus
1965 1123 2205 1174 Thomas
2250 1123 2427 1174 tenuit

423 1206 690 1274 quendam
711 1213 952 1275 quartam
972 1216 1178 1277 partem
1207 1208 1368 1260 unius
1395 1207 1541 1261 feodi
1568 1208 1633 1261 de
1654 1209 1888 1278 quodam
1915 1208 2157 1261 Roberto
2180 1209 2245 1260 de
2267 1209 2430 1260 Bere-

422 1291 544 1342 ford
586 1291 643 1343 in
672 1292 1104 1361 Faudingwirthe
1149 1301 1204 1346 et
1244 1294 1535 1365 Snyterby,
1571 1295 1725 1364 cujus
1764 1294 2049 1347 servicium
2094 1302 2430 1346 attornatum

423 1376 527 1427 fuit
552 1395 777 1429 assensu
812 1368 1093 1448 utriusque
1137 1379 1305 1449 partis
1353 1380 1492 1432 sicut
1536 1388 1687 1450 patet
1724 1399 1821 1449 per
1859 1389 2032 1432 cartas
2071 1399 2257 1432 eorum
2286 1380 2431 1432 dicto

425 1462 644 1515 domino
685 1463 913 1516 Ricardo
940 1473 995 1516 et
1031 1466 1147 1534 ejus
1176 1466 1594 1518 successoribus,
1627 1467 1724 1517 *Et
1761 1473 1903 1518 carte
1930 1484 2117 1517 eorum
2145 1484 2306 1535 super
2330 1466 2434 1517 hoc

425 1546 481 1598 in
508 1548 652 1600 curia
677 1548 743 1600 de
769 1548 988 1602 Scotere
1013 1550 1150 1603 lecte
1176 1551 1396 1602 fuerunt
1412 1558 1466 1602 et
1491 1550 1780 1620 publicate.
1846 1550 2104 1602 Similiter
2123 1550 2435 1618 homagium

427 1640 482 1684 et
506 1641 683 1685 totum
711 1634 995 1687 servicium
1024 1636 1248 1689 Henrici
1277 1636 1370 1688 filii
1414 1645 1470 1689 et
1502 1637 1713 1689 heredis
1744 1636 2003 1706 Stephani
2039 1636 2104 1687 de
2133 1636 2436 1706 Wynewik‚

428 1737 655 1771 assensu
693 1720 981 1773 Anastasie
1020 1721 1129 1774 filie
1173 1722 1383 1774 Warini
1410 1730 1464 1774 et
1491 1723 1689 1775 sororis
1717 1741 1812 1775 sue
1838 1722 1906 1774 ad
1933 1741 2064 1791 quas
2111 1722 2314 1774 dictum
2340 1721 2438 1772 ho-

429 1806 666 1875 magium
701 1807 767 1859 de
801 1807 923 1876 jure
965 1809 1259 1878 spectabat,
1304 1809 1369 1860 ad
1415 1809 1619 1862 dictum
1661 1809 1912 1861 abbatem
1958 1808 2062 1861 fuit
2087 1817 2438 1873 attornatum,

434 1890 573 1944 sicut
620 1901 772 1962 patet
821 1912 917 1963 per
966 1902 1137 1947 cartas
1188 1895 1503 1948 eorundem.
1606 1895 1730 1947 Hoc
1780 1914 1923 1947 anno
1973 1895 2031 1946 in
2080 1896 2222 1947 festo
2268 1894 2441 1947 sancti

67 1977 170 2029 (s⁰1·
191 1975 311 2015 lxxxi.
336 1972 412 2027 ro·)
438 1975 723 2030 Michaelis
742 1978 871 2031 fecit
885 1979 1086 2045 [dictus
1115 1979 1369 2032 dominus
1388 1980 1650 2032 Ricardus
1676 1980 2152 2048 (*Londoniensis)
2174 1979 2340 2031 abbas
2360 1979 2443 2030 in-

93 2071 413 2110 *Recent.man.
438 2080 654 2131 gressus
683 2082 810 2115 suos
853 2064 911 2116 in
943 2065 1083 2116 festo
1111 2066 1282 2117 sancti
1327 2066 1631 2130 MichaeliS,
1676 2084 1812 2135 quos
1858 2084 2030 2134 usque
2057 2077 2187 2118 tunc
2232 2065 2444 2116 distulit

438 2157 658 2216 propter
682 2150 921 2202 raciones
950 2151 1194 2219 superius
1235 2158 1575 2203 memoratas·
1652 2151 1792 2204 Item
1818 2151 1922 2204 hoc
1957 2169 2099 2203 anno
2137 2151 2205 2202 ad
2242 2151 2443 2203 festum

441 2233 612 2285 sancti
643 2233 926 2285 Michaelis
954 2234 1130 2303 exegit
1156 2235 1409 2286 dominus
1446 2253 1542 2287 rex
1578 2235 1635 2287 in
1663 2236 2017 2305 parliamento
2046 2255 2143 2288 suo
2171 2236 2445 2306 quindeci-

440 2337 582 2369 mam
611 2317 853 2369 omnium
873 2318 1140 2371 bonorum
1167 2319 1233 2371 de
1258 2320 1416 2371 feodo
1442 2320 1613 2372 laicali
1647 2339 1743 2390 per
1767 2328 1939 2373 totam
1965 2322 2215 2391 Angliam
2243 2323 2308 2374 de
2334 2340 2445 2373 uno

441 2421 601 2455 annO.
677 2403 752 2455 Et
778 2422 1032 2456 concessa
1074 2404 1177 2456 fuit
1219 2405 1478 2456 solvenda
1518 2405 1585 2456 ad
1625 2406 1761 2457 duos
1787 2406 2068 2458 terminos,
2153 2407 2278 2459 Hoc
2303 2426 2445 2459 anno

443 2488 578 2540 obiit
619 2488 914 2558 Gregorius
954 2507 1092 2559 papa
1134 2490 1257 2541 XUS.
1300 2489 1392 2558 qui
1436 2489 1700 2541 decimam
1739 2491 1986 2561 superius
2026 2492 2225 2544 dictam
2251 2510 2282 2543 a
2306 2493 2446 2545 clero

444 2574 635 2643 exegit.
691 2574 792 2626 Cui
817 2575 1076 2626 successit
1095 2575 1230 2627 alius
1257 2575 1447 2627 eodem
1468 2594 1629 2640 ann0‚
1658 2576 2012 2630 Innocentius
2041 2579 2190 2631 smus,
2210 2579 2449 2644 nomine,

446 2660 538 2730 qui
562 2679 673 2713 non
700 2659 850 2713 stetit
873 2660 930 2712 in
957 2669 1214 2730 papatum
1241 2661 1343 2712 nisi
1369 2679 1466 2731 per
1486 2661 1768 2714 dimidium
1795 2682 2016 2716 annum.

198 2754 424 2793 Moeolxxvi.
522 2746 646 2798 Hoc
683 2763 825 2798 anno
869 2744 1006 2797 obiit
1043 2764 1183 2815 papa
1227 2747 1598 2799 Innocentius·
1691 2747 1793 2800 Cui
1837 2750 2098 2802 successit
2136 2750 2450 2803 Ottobonus

449 2832 540 2902 qui
579 2831 682 2883 fuit
717 2832 924 2900 legatus
964 2831 1020 2882 in
1070 2830 1281 2900 Anglia.
1375 2831 1451 2882 Et
1498 2831 1793 2884 vocabatur
1840 2852 1980 2903 papa
2030 2835 2302 2887 Adrianus
2360 2835 2453 2905 qui

449 2935 614 2987 parvo
640 2925 882 2986 tempore
909 2916 1189 2986 superfuit.
1265 2914 1420 2968 Obiit
1446 2917 1583 2969 circa
1606 2918 1805 2970 festum
1832 2919 2094 2972 Omnium
2114 2920 2454 2973 Sanctorum.

453 3002 558 3054 Cui
583 3002 842 3055 successit
864 3021 1004 3072 papa
1028 3001 1065 3054 J
1068 3002 1308 3054 ohannes
1328 3003 1553 3056 nacione
1583 3005 1895 3074 HyspanUS.
1970 3007 2047 3059 Et
2073 3007 2324 3060 obierunt
2347 3007 2453 3058 isto

218 3093 429 3143 Homagia-
454 3105 595 3140 anno
620 3088 694 3140 iii.
719 3105 857 3157 pape
895 3087 1212 3141 successive.
1289 3088 1413 3140 Hoc
1453 3107 1595 3141 anno
1637 3090 1881 3143 fecerunt
1913 3092 2161 3162 homagia
2200 3092 2453 3145 dominus

115 3188 305 3227 *Rea-ent.
325 3200 433 3226 man.
458 3171 796 3225 Baldewinus
837 3173 1029 3226 Wake.
1070 3172 1378 3225 Willelmus
1401 3173 1467 3226 de
1487 3173 1853 3244 Goldingham
1881 3179 2032 3247 (*pro
2053 3185 2193 3229 terra
2210 3178 2276 3229 de
2298 3178 2454 3228 Nun-

456 3257 627 3323 tona).
665 3258 855 3309 Petrus
873 3258 939 3310 de
965 3258 1287 3310 Mideltona.
1322 3258 1360 3311 J
1362 3259 1603 3312 ohannes
1631 3261 1697 3313 de
1723 3251 1997 3314 Waltona}
2039 3262 2362 3315 Laurentius
2390 3261 2456 3313 de

459 3340 735 3395 Prestona.
760 3343 796 3396 J
800 3344 1040 3396 ohannes
1068 3344 1134 3397 de
1162 3343 1416 3415 CamoyS.
1461 3345 1631 3398 Filius
1661 3346 1886 3400 Roberti
1915 3348 2116 3400 Fauvel
2137 3347 2203 3399 de
2222 3345 2457 3398 Scotere.
