2774 3952
965 425 1319 463 CHRONICON
1351 427 1895 463 PETROBURGENSE.
2343 413 2438 460 151
2471 479 2475 483 ι

68 551 310 601 Homagium
333 552 383 589 ‘10
436 549 749 602 fidelitatem
792 550 1012 603 domino
1041 552 1271 604 Ricardo
1298 553 1364 605 de
1391 552 1693 605 Londoniis
1719 551 1902 604 abbati
1945 551 2011 603 de
2039 550 2222 618 Burgo
2266 550 2437 602 sancti

65 606 254 707 ξιῗὲξῖῗ
268 611 307 643 et
441 635 585 687 Petri
622 635 766 704 apud
805 636 941 705 Eye‚
967 655 1066 705 pro
1092 644 1404 690 tenemento
1431 638 1576 708 quod
1601 644 1752 689 tenet
1791 638 1858 689 de
1882 637 2003 705 ipso
2029 635 2085 686 in
2111 634 2358 687 Walcote
2383 643 2439 686 et

441 721 697 790 Suthorp,
723 721 779 772 in
806 722 1082 790 presencia
1107 722 1369 774 Willelmi
1396 723 1575 791 Fykes
1603 722 1669 773 de
1698 722 1938 790 Suthorp
1956 728 2011 773 et
2036 720 2280 771 aliorum.

65 817 165 865 (fol.
187 818 311 857 caexxi.
330 820 403 869 νο.)
513 807 931 858 Memorandum
972 807 1118 875 quod
1146 807 1417 860 Henricus
1462 808 1529 859 de
1570 807 1821 859 Nortwik
1858 807 1987 859 fecit
2028 805 2340 874 homagium
2382 814 2437 857 et

63 891 261 955 Norwicq.
439 891 751 944 fidelitatem
791 891 1011 943 domino
1054 891 1284 944 Ricardo
1312 892 1378 943 de
1404 891 1706 944 Londoniis
1735 891 1919 943 abbati
1960 891 2026 943 de
2055 891 2236 959 Burgo
2264 891 2435 942 sancti

64 945 375 1049 {Igffigfflssz-de
441 977 586 1028 Petri
606 976 691 1028 die
709 975 978 1028 dominica
996 975 1242 1044 proxima
1261 982 1388 1044 post
1407 974 1864 1044 Assumpcionem
1883 974 2040 1027 beate
2061 974 2254 1037 Marie,
2271 973 2434 1025 Anno

437 1060 662 1112 Domini
703 1061 804 1112 ΜΟ.
839 1059 1232 1112 Ducentesimo
1276 1059 1645 1128 Nonagesimo
1698 1058 1894 1111 Tercio
1945 1060 2089 1128 apud
2128 1059 2434 1127 Werming-

434 1153 637 1209 tonam,
662 1163 760 1214 pro
787 1152 1098 1198 tenemento
1126 1145 1270 1215 quod
1314 1152 1464 1197 tenet
1502 1145 1559 1196 in
1586 1144 1857 1213 Bringrist
1890 1144 1946 1195 in
1987 1143 2248 1196 comitatu
2292 1144 2434 1213 Ley-

433 1230 640 1293 cestrie,
666 1230 722 1280 in
757 1229 1035 1298 presencia
1074 1230 1312 1299 magistri
1338 1230 1547 1282 Thome
1574 1231 1641 1282 de
1668 1231 1950 1294 Frestona,
1976 1228 2182 1281 domini
2209 1228 2434 1281 Henrici

430 1315 652 1366 rectoris
680 1315 920 1367 Ecclesie
938 1315 1003 1367 de
1023 1315 1313 1384 Cloptona,
1338 1315 1515 1366 fratris
1535 1315 1654 1367 Ade
1672 1315 1737 1366 de
1760 1314 2062 1384 Clipstona,
2078 1314 2116 1366 J
2119 1314 2347 1366 ohannis
2365 1314 2432 1366 de

432 1399 647 1451 Setford
674 1400 1082 1463 monachorum,
1109 1398 1308 1468 Rogeri
1334 1399 1400 1451 de
1428 1398 1735 1468 Myridena,
1762 1405 1817 1450 et
1841 1398 2068 1450 aliorum
2094 1398 2408 1451 multorum.

503 1485 921 1536 Memorandum
963 1483 1110 1553 quod
1150 1483 1235 1536 die
1263 1483 1434 1535 sancti
1475 1482 1763 1546 Leonardi,
1791 1483 1954 1535 Anno
1996 1483 2222 1534 Domini
2254 1483 2433 1536 M⁰cc⁰

430 1569 798 1638 Nonagesimo
823 1569 1032 1632 Terci0,
1058 1569 1185 1620 fecit
1213 1567 1490 1620 Galfridus
1516 1567 1985 1636 Dringkedregges
2012 1567 2077 1619 de
2106 1567 2431 1636 Ubbethorp

427 1653 738 1721 homagium
781 1661 837 1705 et
877 1653 1194 1705 fidelitatem
1221 1652 1441 1704 domino
1468 1652 1699 1704 Ricardo
1726 1652 1793 1703 de
1820 1651 2119 1703 Londoniis
2145 1650 2327 1704 abbati
2365 1653 2432 1704 de

431 1739 613 1808 Burgo
656 1738 826 1791 sancti
865 1739 1027 1803 Petri,
1070 1756 1169 1808 pro
1209 1745 1349 1791 terra
1390 1756 1550 1807 quam
1590 1745 1741 1790 tenet
1766 1737 1832 1789 de
1871 1737 1992 1806 ipso
2035 1737 2094 1789 in
2134 1737 2338 1807 campis
2366 1738 2432 1789 de

58 1836 299 1885 Homagium
319 1837 369 1873 de
430 1823 714 1892 Turlebey,
758 1823 815 1875 in
858 1823 1137 1893 presencia
1179 1823 1217 1876 J
1220 1823 1450 1876 ohannis
1495 1823 1562 1874 de
1596 1822 1863 1886 Setforde,
1890 1823 2010 1874 Ade
2052 1823 2118 1874 de
2146 1822 2430 1892 Clipstona

60 1890 271 1939 Thurleby.
431 1909 841 1973 monachorum,
866 1910 1076 1961 Thome
1104 1909 1170 1961 de
1200 1909 1491 1973 Hendona,
1518 1908 1655 1977 Elye
1684 1908 1981 1971 senescalli,
2008 1915 2063 1960 et
2087 1908 2330 1960 aliorum.

503 1994 923 2046 Memorandum
968 1994 1111 2063 quod
1158 1994 1243 2046 die
1270 1993 1529 2045 Mercurii
1572 1994 1821 2062 proximo
1863 2000 1987 2045 ante
2031 1994 2231 2045 festum
2259 1994 2430 2046 sancti

433 2076 679 2129 Barnabe
712 2077 945 2146 apostoli
970 2095 1112 2128 anno
1139 2077 1365 2128 Domini
1410 2077 1625 2129 M⁰.cc⁰.
1652 2077 2020 2146 Nonagesimo
2050 2078 2277 2141 Quarto,
2302 2078 2429 2130 fecit

58 2170 300 2219 Homagium
320 2171 369 2208 de
432 2162 469 2215 J
473 2163 711 2214 ohannes
733 2162 1029 2232 Spegurnel
1047 2163 1112 2214 de
1121 2162 1451 2214 Wodeforde
1471 2162 1782 2231 homagium
1802 2171 1857 2215 et
1872 2163 2184 2216 fidelitatem
2206 2164 2426 2216 domino

59 2224 294 2263 Woodford.
433 2245 662 2298 Ricardo
689 2246 755 2298 de
782 2245 1081 2298 Londoniis
1107 2245 1288 2297 abbati
1314 2245 1380 2297 de
1410 2244 1591 2315 Burgo
1619 2246 1790 2298 sancti
1817 2246 1964 2299 Petri
1999 2248 2145 2316 apud
2172 2248 2307 2317 Eye,
2326 2266 2424 2317 pro

429 2336 740 2382 tenemento
767 2330 911 2398 quod
954 2337 1104 2381 tenet
1130 2330 1196 2381 de
1220 2329 1340 2397 ipso
1366 2329 1422 2380 in
1449 2329 1576 2381 villa
1602 2329 1667 2382 de
1692 2330 2042 2395 Wodeforde,
2068 2331 2125 2382 in
2150 2331 2427 2400 presencia

428 2414 633 2466 domini
657 2414 917 2466 Willelmi
955 2414 1021 2466 de
1047 2415 1379 2467 Wodeforde
1421 2421 1553 2466 tunc
1599 2415 1818 2467 sacriste
1857 2415 2042 2485 Burgi,
2081 2415 2314 2468 Gilberti
2358 2418 2424 2469 de

430 2499 661 2551 Sottona
687 2508 744 2551 et
768 2499 1015 2551 aliorum.

497 2584 660 2635 Anno
689 2584 913 2636 Domini
959 2585 1176 2638 M⁰.cc⁰.
1210 2584 1578 2653 Nonagesimo
1617 2592 1827 2654 quarto,
1853 2585 1980 2638 fecit
2019 2586 2257 2638 Thomas
2282 2585 2424 2638 filius

427 2667 701 2736 Radulphi
729 2668 880 2720 Sorel
906 2669 1213 2738 homagium
1242 2676 1296 2721 et
1320 2669 1635 2721 fidelitatem
1653 2669 1873 2721 domino
1902 2670 2132 2722 Ricardo
2158 2670 2339 2723 abbati
2359 2671 2425 2723 de

59 2784 300 2833 Homagium
320 2785 370 2822 de
429 2753 611 2821 Burgo
631 2753 798 2805 sancti
824 2754 986 2818 Petri,
1003 2772 1102 2823 pro
1123 2761 1434 2806 tenemento
1456 2755 1768 2823 quodtenet
1784 2755 1850 2806 de
1870 2754 1990 2824 ipso
2010 2755 2068 2806 in
2086 2755 2424 2824 Colingham,

58 2838 314 2887 Colyngham.
428 2837 485 2889 in
510 2838 786 2907 presencia
812 2838 1018 2891 domini
1043 2839 1305 2891 Willelmi
1332 2838 1398 2890 de
1424 2837 1775 2902 Wodeforde,
1818 2839 1855 2891 J
1859 2839 2088 2891 ohannis
2115 2840 2180 2892 de
2209 2839 2425 2893 Setford

429 2923 816 2975 monachorum
842 2923 1147 2976 et'aliorum
1173 2924 1485 2976 multorum.

59 3089 159 3140 (sol.
179 3091 303 3131 cxxxi.
322 3093 404 3142 vo.)
1277 3081 1580 3119 HOMAGIA.

504 3177 924 3232 Memorandum
951 3182 1095 3251 quod
1126 3179 1403 3233 Galfridus
1431 3179 1497 3231 de
1523 3178 1700 3248 Albey
1725 3179 1852 3232 fecit
1877 3180 2189 3249 homagium
2214 3186 2269 3231 et
2293 3178 2424 3231 fide-

430 3262 637 3314 litatem
663 3263 881 3317 domino
898 3266 1127 3319 Ricardo
1155 3267 1220 3318 de
1243 3264 1544 3316 Londoniis
1570 3263 1752 3315 abbati
1791 3264 1858 3316 de
1886 3265 2053 3332 Burgi
2079 3262 2249 3315 sancti
2277 3263 2423 3314 Petri

431 3347 572 3416 apud
596 3346 731 3416 Eye,
752 3365 848 3416 pro
875 3356 1015 3402 terra
1031 3369 1192 3419 quam
1216 3350 1348 3402 emit
1373 3351 1438 3402 (16
1457 3349 1696 3402 Roberto
1727 3350 2046 3402 Marescallo
2063 3349 2128 3400 de
2150 3348 2350 3417 Burgo,
2366 3347 2418 3398 in
2439 3367 2447 3371 ·
