<?xml version="1.0" encoding="UTF-8"?>
<!DOCTYPE html PUBLIC "-//W3C//DTD XHTML 1.0 Transitional//EN"
    "http://www.w3.org/TR/xhtml1/DTD/xhtml1-transitional.dtd">
<html xmlns="http://www.w3.org/1999/xhtml" xml:lang="en" lang="en">
 <head>
  <title>
</title>
<meta http-equiv="Content-Type" content="text/html;charset=utf-8" />
  <meta name='ocr-system' content='tesseract 3.04.00' />
  <meta name='ocr-capabilities' content='ocr_page ocr_carea ocr_par ocr_line ocrx_word'/>
</head>
<body>
  <div class='ocr_page' id='page_1' title='image "./chroniconpetro00camduoft_0076.png"; bbox 0 0 2774 3952; ppageno 0'>
   <div class='ocr_carea' id='block_1_1' title="bbox 70 1129 331 1177">
    <p class='ocr_par' dir='ltr' id='par_1_1' title="bbox 70 1129 331 1177">
     <span class='ocr_line' id='line_1_1' title="bbox 70 1129 331 1177; baseline -0.004 -12"><span class='ocrx_word' id='word_1_1' title='bbox 70 1129 331 1177; x_wconf 87' lang='lat' dir='ltr'><strong>Aquietancia</strong></span> 
     </span>
    </p>
   </div>
   <div class='ocr_carea' id='block_1_2' title="bbox 67 1182 396 1221">
    <p class='ocr_par' dir='ltr' id='par_1_2' title="bbox 67 1182 396 1221">
     <span class='ocr_line' id='line_1_2' title="bbox 67 1182 396 1221; baseline 0.006 -2"><span class='ocrx_word' id='word_1_2' title='bbox 67 1183 220 1220; x_wconf 84' lang='lat' dir='ltr'><strong>servicii</strong></span> <span class='ocrx_word' id='word_1_3' title='bbox 236 1182 396 1221; x_wconf 86' lang='lat' dir='ltr'><strong>Wallie.</strong></span> 
     </span>
    </p>
   </div>
   <div class='ocr_carea' id='block_1_3' title="bbox 445 393 1901 445">
    <p class='ocr_par' dir='ltr' id='par_1_3' title="bbox 445 393 1901 445">
     <span class='ocr_line' id='line_1_3' title="bbox 445 393 1901 445; baseline 0.003 -6"><span class='ocrx_word' id='word_1_4' title='bbox 445 393 512 439; x_wconf 82' lang='lat'><strong>56</strong></span> <span class='ocrx_word' id='word_1_5' title='bbox 975 404 1329 442; x_wconf 85' lang='lat' dir='ltr'>CHRONICON</span> <span class='ocrx_word' id='word_1_6' title='bbox 1359 407 1901 445; x_wconf 83' lang='lat' dir='ltr'><strong>PETROBURGENSE.</strong></span> 
     </span>
    </p>
   </div>
   <div class='ocr_carea' id='block_1_4' title="bbox 432 529 2442 2378">
    <p class='ocr_par' dir='ltr' id='par_1_4' title="bbox 435 529 2442 1095">
     <span class='ocr_line' id='line_1_4' title="bbox 443 529 2442 604; baseline 0.001 -23"><span class='ocrx_word' id='word_1_7' title='bbox 443 529 723 595; x_wconf 83' lang='lat' dir='ltr'><strong>militibus,</strong></span> <span class='ocrx_word' id='word_1_8' title='bbox 758 537 812 583; x_wconf 92' lang='lat' dir='ltr'><strong>et</strong></span> <span class='ocrx_word' id='word_1_9' title='bbox 848 549 946 600; x_wconf 90' lang='lat' dir='ltr'><strong>pro</strong></span> <span class='ocrx_word' id='word_1_10' title='bbox 975 531 1217 601; x_wconf 91' lang='lat' dir='ltr'><strong>quolibet</strong></span> <span class='ocrx_word' id='word_1_11' title='bbox 1255 531 1426 584; x_wconf 89' lang='lat' dir='ltr'><strong>milite</strong></span> <span class='ocrx_word' id='word_1_12' title='bbox 1459 533 1607 585; x_wconf 83' lang='lat' dir='ltr'><strong>dedit</strong></span> <span class='ocrx_word' id='word_1_13' title='bbox 1647 534 1869 587; x_wconf 90' lang='lat' dir='ltr'><strong>domino</strong></span> <span class='ocrx_word' id='word_1_14' title='bbox 1897 533 2032 603; x_wconf 87' lang='lat' dir='ltr'><strong>Regi</strong></span> <span class='ocrx_word' id='word_1_15' title='bbox 2057 533 2442 604; x_wconf 80' lang='lat' dir='ltr'><strong>quinquaginta</strong></span> 
     </span>
     <span class='ocr_line' id='line_1_5' title="bbox 435 617 2442 688; baseline 0.001 -21"><span class='ocrx_word' id='word_1_16' title='bbox 435 634 648 669; x_wconf 74' lang='lat' dir='ltr'><strong>vmarcas</strong></span> <span class='ocrx_word' id='word_1_17' title='bbox 665 617 916 669; x_wconf 90' lang='lat' dir='ltr'><strong>videlicet</strong></span> <span class='ocrx_word' id='word_1_18' title='bbox 931 618 987 669; x_wconf 89' lang='lat' dir='ltr'><strong>in</strong></span> <span class='ocrx_word' id='word_1_19' title='bbox 1006 625 1124 670; x_wconf 90' lang='lat' dir='ltr'><strong>toto</strong></span> <span class='ocrx_word' id='word_1_20' title='bbox 1145 634 1252 670; x_wconf 84' lang='lat' dir='ltr'><strong>.cc.</strong></span> <span class='ocrx_word' id='word_1_21' title='bbox 1269 625 1326 670; x_wconf 88' lang='lat' dir='ltr'><strong>et</strong></span> <span class='ocrx_word' id='word_1_22' title='bbox 1354 635 1427 670; x_wconf 54' lang='grc' dir='ltr'><strong>ᾧ.</strong></span> <span class='ocrx_word' id='word_1_23' title='bbox 1444 636 1669 683; x_wconf 81' lang='lat' dir='ltr'><strong>marcaS‚</strong></span> <span class='ocrx_word' id='word_1_24' title='bbox 1685 627 1742 671; x_wconf 89' lang='lat' dir='ltr'><strong>et</strong></span> <span class='ocrx_word' id='word_1_25' title='bbox 1756 637 1948 671; x_wconf 89' lang='lat' dir='ltr'><strong>aurum</strong></span> <span class='ocrx_word' id='word_1_26' title='bbox 1968 619 2172 688; x_wconf 87' lang='lat' dir='ltr'><strong>Regine</strong></span> <span class='ocrx_word' id='word_1_27' title='bbox 2192 619 2442 672; x_wconf 89' lang='lat' dir='ltr'><strong>videlicet</strong></span> 
     </span>
     <span class='ocr_line' id='line_1_6' title="bbox 443 703 2441 773; baseline 0.002 -22"><span class='ocrx_word' id='word_1_28' title='bbox 443 718 570 753; x_wconf 87' lang='lat' dir='ltr'><strong>xxv.</strong></span> <span class='ocrx_word' id='word_1_29' title='bbox 596 719 834 767; x_wconf 84' lang='lat' dir='ltr'><strong>marcas3</strong></span> <span class='ocrx_word' id='word_1_30' title='bbox 874 703 1028 772; x_wconf 89' lang='lat' dir='ltr'><strong>cujus</strong></span> <span class='ocrx_word' id='word_1_31' title='bbox 1069 703 1297 773; x_wconf 85' lang='lat' dir='ltr'>pecunie</span> <span class='ocrx_word' id='word_1_32' title='bbox 1335 704 1681 756; x_wconf 86' lang='lat' dir='ltr'><strong>medietatem</strong></span> <span class='ocrx_word' id='word_1_33' title='bbox 1717 705 1881 757; x_wconf 91' lang='lat' dir='ltr'><strong>solvit</strong></span> <span class='ocrx_word' id='word_1_34' title='bbox 1923 705 1992 756; x_wconf 92' lang='lat' dir='ltr'><strong>ad</strong></span> <span class='ocrx_word' id='word_1_35' title='bbox 2032 705 2232 757; x_wconf 87' lang='lat' dir='ltr'><strong>festum</strong></span> <span class='ocrx_word' id='word_1_36' title='bbox 2269 703 2441 755; x_wconf 89' lang='lat' dir='ltr'><strong>sancti</strong></span> 
     </span>
     <span class='ocr_line' id='line_1_7' title="bbox 447 785 2438 859; baseline 0 -21"><span class='ocrx_word' id='word_1_37' title='bbox 447 785 594 838; x_wconf 90' lang='lat' dir='ltr'><strong>Petri</strong></span> <span class='ocrx_word' id='word_1_38' title='bbox 654 787 723 838; x_wconf 93' lang='lat' dir='ltr'><strong>ad</strong></span> <span class='ocrx_word' id='word_1_39' title='bbox 783 787 998 839; x_wconf 90' lang='lat' dir='ltr'><strong>vincula</strong></span> <span class='ocrx_word' id='word_1_40' title='bbox 1053 788 1111 839; x_wconf 89' lang='lat' dir='ltr'><strong>in</strong></span> <span class='ocrx_word' id='word_1_41' title='bbox 1165 787 1423 839; x_wconf 90' lang='lat' dir='ltr'><strong>nundinis</strong></span> <span class='ocrx_word' id='word_1_42' title='bbox 1490 789 1662 841; x_wconf 89' lang='lat' dir='ltr'><strong>sancti</strong></span> <span class='ocrx_word' id='word_1_43' title='bbox 1723 788 1988 859; x_wconf 86' lang='lat' dir='ltr'><strong>Botulphi</strong></span> <span class='ocrx_word' id='word_1_44' title='bbox 2049 788 2438 841; x_wconf 84' lang='lat' dir='ltr'><strong>mercatoribus</strong></span> 
     </span>
     <span class='ocr_line' id='line_1_8' title="bbox 442 870 2439 944; baseline 0.001 -22"><span class='ocrx_word' id='word_1_45' title='bbox 442 870 872 935; x_wconf 88' lang='lat' dir='ltr'><strong>Lucanensibus‚</strong></span> <span class='ocrx_word' id='word_1_46' title='bbox 918 871 1011 941; x_wconf 92' lang='lat' dir='ltr'><strong>qui</strong></span> <span class='ocrx_word' id='word_1_47' title='bbox 1059 872 1128 923; x_wconf 91' lang='lat' dir='ltr'><strong>ad</strong></span> <span class='ocrx_word' id='word_1_48' title='bbox 1176 872 1323 924; x_wconf 87' lang='lat' dir='ltr'><strong>illam</strong></span> <span class='ocrx_word' id='word_1_49' title='bbox 1371 873 1734 943; x_wconf 83' lang='lat' dir='ltr'><strong>recipiendam</strong></span> <span class='ocrx_word' id='word_1_50' title='bbox 1783 893 1879 944; x_wconf 89' lang='lat' dir='ltr'><strong>per</strong></span> <span class='ocrx_word' id='word_1_51' title='bbox 1929 872 2211 926; x_wconf 89' lang='lat' dir='ltr'><strong>dominum</strong></span> <span class='ocrx_word' id='word_1_52' title='bbox 2259 889 2439 940; x_wconf 88' lang='lat' dir='ltr'><strong>regem</strong></span> 
     </span>
     <span class='ocr_line' id='line_1_9' title="bbox 441 956 2441 1029; baseline 0.001 -22"><span class='ocrx_word' id='word_1_53' title='bbox 441 956 659 1009; x_wconf 87' lang='lat' dir='ltr'><strong>fuerunt</strong></span> <span class='ocrx_word' id='word_1_54' title='bbox 697 958 970 1027; x_wconf 85' lang='lat' dir='ltr'><strong>assignati.</strong></span> <span class='ocrx_word' id='word_1_55' title='bbox 1060 958 1222 1010; x_wconf 91' lang='lat' dir='ltr'><strong>Unde</strong></span> <span class='ocrx_word' id='word_1_56' title='bbox 1262 959 1401 1011; x_wconf 89' lang='lat' dir='ltr'><strong>facta</strong></span> <span class='ocrx_word' id='word_1_57' title='bbox 1444 966 1529 1011; x_wconf 91' lang='lat' dir='ltr'><strong>est</strong></span> <span class='ocrx_word' id='word_1_58' title='bbox 1571 960 1902 1028; x_wconf 87' lang='lat' dir='ltr'><strong>aquietancia</strong></span> <span class='ocrx_word' id='word_1_59' title='bbox 1945 977 2042 1029; x_wconf 90' lang='lat' dir='ltr'><strong>per</strong></span> <span class='ocrx_word' id='word_1_60' title='bbox 2084 976 2276 1011; x_wconf 88' lang='lat' dir='ltr'><strong>manus</strong></span> <span class='ocrx_word' id='word_1_61' title='bbox 2319 974 2441 1026; x_wconf 89' lang='lat' dir='ltr'><strong>pre-</strong></span> 
     </span>
     <span class='ocr_line' id='line_1_10' title="bbox 441 1040 1647 1095; baseline 0.002 -3"><span class='ocrx_word' id='word_1_62' title='bbox 441 1040 707 1094; x_wconf 87' lang='lat' dir='ltr'><strong>dictorum</strong></span> <span class='ocrx_word' id='word_1_63' title='bbox 733 1050 1092 1094; x_wconf 89' lang='lat' dir='ltr'><strong>mercatorum</strong></span> <span class='ocrx_word' id='word_1_64' title='bbox 1119 1043 1220 1094; x_wconf 92' lang='lat' dir='ltr'><strong>sub</strong></span> <span class='ocrx_word' id='word_1_65' title='bbox 1245 1044 1345 1094; x_wconf 91' lang='lat' dir='ltr'><strong>hac</strong></span> <span class='ocrx_word' id='word_1_66' title='bbox 1369 1044 1541 1095; x_wconf 87' lang='lat' dir='ltr'><strong>forma</strong></span> <span class='ocrx_word' id='word_1_67' title='bbox 1557 1063 1647 1095; x_wconf 90' lang='lat'><strong>:—</strong></span> 
     </span>
    </p>

    <p class='ocr_par' dir='ltr' id='par_1_5' title="bbox 432 1122 2441 2306">
     <span class='ocr_line' id='line_1_11' title="bbox 512 1122 2441 1199; baseline 0.001 -21"><span class='ocrx_word' id='word_1_68' title='bbox 512 1126 784 1179; x_wconf 86' lang='lat' dir='ltr'><strong>Omnibus</strong></span> <span class='ocrx_word' id='word_1_69' title='bbox 827 1127 1031 1180; x_wconf 80' lang='lat' dir='ltr'><strong>Christi</strong></span> <span class='ocrx_word' id='word_1_70' title='bbox 1072 1128 1322 1180; x_wconf 87' lang='lat' dir='ltr'><strong>fidelibus</strong></span> <span class='ocrx_word' id='word_1_71' title='bbox 1355 1122 1585 1197; x_wconf 58' lang='lat' dir='ltr'><strong>‘presens</strong></span> <span class='ocrx_word' id='word_1_72' title='bbox 1627 1129 1890 1199; x_wconf 90' lang='lat' dir='ltr'><strong>scriptum</strong></span> <span class='ocrx_word' id='word_1_73' title='bbox 1928 1127 2124 1182; x_wconf 86' lang='lat' dir='ltr'><strong>visuris</strong></span> <span class='ocrx_word' id='word_1_74' title='bbox 2161 1127 2249 1180; x_wconf 85' lang='lat' dir='ltr'><strong>vel</strong></span> <span class='ocrx_word' id='word_1_75' title='bbox 2289 1127 2441 1180; x_wconf 92' lang='lat' dir='ltr'><strong>audi-</strong></span> 
     </span>
     <span class='ocr_line' id='line_1_12' title="bbox 438 1212 2436 1267; baseline 0 -4"><span class='ocrx_word' id='word_1_76' title='bbox 438 1212 574 1263; x_wconf 88' lang='lat' dir='ltr'><strong>turis</strong></span> <span class='ocrx_word' id='word_1_77' title='bbox 603 1212 872 1265; x_wconf 90' lang='lat' dir='ltr'><strong>Henricus</strong></span> <span class='ocrx_word' id='word_1_78' title='bbox 900 1213 966 1265; x_wconf 95' lang='lat' dir='ltr'><strong>de</strong></span> <span class='ocrx_word' id='word_1_79' title='bbox 994 1214 1165 1266; x_wconf 90' lang='lat' dir='ltr'><strong>Podio</strong></span> <span class='ocrx_word' id='word_1_80' title='bbox 1192 1213 1335 1266; x_wconf 89' lang='lat' dir='ltr'><strong>cives</strong></span> <span class='ocrx_word' id='word_1_81' title='bbox 1372 1222 1428 1266; x_wconf 91' lang='lat' dir='ltr'><strong>et</strong></span> <span class='ocrx_word' id='word_1_82' title='bbox 1453 1222 1717 1267; x_wconf 88' lang='lat' dir='ltr'><strong>mercator</strong></span> <span class='ocrx_word' id='word_1_83' title='bbox 1748 1213 2083 1267; x_wconf 86' lang='lat' dir='ltr'><strong>Lucanensis</strong></span> <span class='ocrx_word' id='word_1_84' title='bbox 2123 1212 2349 1264; x_wconf 88' lang='lat' dir='ltr'><strong>salutem</strong></span> <span class='ocrx_word' id='word_1_85' title='bbox 2379 1212 2436 1263; x_wconf 88' lang='lat' dir='ltr'><strong>in</strong></span> 
     </span>
     <span class='ocr_line' id='line_1_13' title="bbox 436 1297 2436 1368; baseline -0.001 -18"><span class='ocrx_word' id='word_1_86' title='bbox 436 1298 678 1351; x_wconf 91' lang='lat' dir='ltr'><strong>Domino</strong></span> <span class='ocrx_word' id='word_1_87' title='bbox 719 1298 1119 1368; x_wconf 88' lang='lat' dir='ltr'><strong>sempiternam.</strong></span> <span class='ocrx_word' id='word_1_88' title='bbox 1201 1298 1433 1351; x_wconf 80' lang='lat' dir='ltr'><strong>Noverit</strong></span> <span class='ocrx_word' id='word_1_89' title='bbox 1474 1299 1797 1352; x_wconf 83' lang='lat' dir='ltr'><strong>universitas</strong></span> <span class='ocrx_word' id='word_1_90' title='bbox 1821 1308 2001 1352; x_wconf 88' lang='lat' dir='ltr'><strong>vestra</strong></span> <span class='ocrx_word' id='word_1_91' title='bbox 2044 1316 2131 1350; x_wconf 89' lang='lat' dir='ltr'><strong>me</strong></span> <span class='ocrx_word' id='word_1_92' title='bbox 2171 1297 2436 1366; x_wconf 87' lang='lat' dir='ltr'><strong>recepisse</strong></span> 
     </span>
     <span class='ocr_line' id='line_1_14' title="bbox 437 1382 2436 1455; baseline -0.002 -19"><span class='ocrx_word' id='word_1_93' title='bbox 437 1403 469 1435; x_wconf 89' lang='lat' dir='ltr'><strong>a</strong></span> <span class='ocrx_word' id='word_1_94' title='bbox 491 1385 739 1455; x_wconf 88' lang='lat' dir='ltr'><strong>religioso</strong></span> <span class='ocrx_word' id='word_1_95' title='bbox 764 1384 880 1437; x_wconf 83' lang='lat' dir='ltr'><strong>viro</strong></span> <span class='ocrx_word' id='word_1_96' title='bbox 907 1384 1099 1437; x_wconf 80' lang='lat' dir='ltr'><strong>abbate</strong></span> <span class='ocrx_word' id='word_1_97' title='bbox 1125 1384 1192 1437; x_wconf 92' lang='lat' dir='ltr'><strong>de</strong></span> <span class='ocrx_word' id='word_1_98' title='bbox 1227 1385 1409 1454; x_wconf 88' lang='lat' dir='ltr'><strong>Burgo</strong></span> <span class='ocrx_word' id='word_1_99' title='bbox 1442 1385 1614 1437; x_wconf 88' lang='lat' dir='ltr'><strong>sancti</strong></span> <span class='ocrx_word' id='word_1_100' title='bbox 1654 1383 1801 1436; x_wconf 91' lang='lat' dir='ltr'><strong>Petri</strong></span> <span class='ocrx_word' id='word_1_101' title='bbox 1835 1383 1893 1435; x_wconf 92' lang='lat' dir='ltr'><strong>in</strong></span> <span class='ocrx_word' id='word_1_102' title='bbox 1932 1382 2277 1436; x_wconf 86' lang='lat' dir='ltr'><strong>confeccione</strong></span> <span class='ocrx_word' id='word_1_103' title='bbox 2314 1400 2436 1452; x_wconf 89' lang='lat' dir='ltr'><strong>pre-</strong></span> 
     </span>
     <span class='ocr_line' id='line_1_15' title="bbox 439 1468 2440 1539; baseline -0.002 -16"><span class='ocrx_word' id='word_1_104' title='bbox 439 1470 679 1523; x_wconf 90' lang='lat' dir='ltr'><strong>sencium</strong></span> <span class='ocrx_word' id='word_1_105' title='bbox 709 1487 778 1522; x_wconf 84' lang='lat'><strong>.0.</strong></span> <span class='ocrx_word' id='word_1_106' title='bbox 815 1478 870 1522; x_wconf 90' lang='lat' dir='ltr'><strong>et</strong></span> <span class='ocrx_word' id='word_1_107' title='bbox 895 1489 1020 1522; x_wconf 85' lang='lat' dir='ltr'><strong>xxv.</strong></span> <span class='ocrx_word' id='word_1_108' title='bbox 1048 1488 1252 1523; x_wconf 89' lang='lat' dir='ltr'><strong>marcas</strong></span> <span class='ocrx_word' id='word_1_109' title='bbox 1290 1470 1561 1523; x_wconf 88' lang='lat' dir='ltr'><strong>bonorum</strong></span> <span class='ocrx_word' id='word_1_110' title='bbox 1599 1479 1655 1522; x_wconf 93' lang='lat' dir='ltr'><strong>et</strong></span> <span class='ocrx_word' id='word_1_111' title='bbox 1686 1469 1937 1539; x_wconf 90' lang='lat' dir='ltr'><strong>legalium</strong></span> <span class='ocrx_word' id='word_1_112' title='bbox 1965 1469 2342 1538; x_wconf 81' lang='lat' dir='ltr'><strong>sterlingorum</strong></span> <span class='ocrx_word' id='word_1_113' title='bbox 2372 1468 2440 1519; x_wconf 91' lang='lat' dir='ltr'><strong>in</strong></span> 
     </span>
     <span class='ocr_line' id='line_1_16' title="bbox 432 1555 2426 1626; baseline -0.001 -18"><span class='ocrx_word' id='word_1_114' title='bbox 432 1564 639 1626; x_wconf 88' lang='lat' dir='ltr'><strong>partem</strong></span> <span class='ocrx_word' id='word_1_115' title='bbox 667 1555 957 1608; x_wconf 88' lang='lat' dir='ltr'><strong>solucionis</strong></span> <span class='ocrx_word' id='word_1_116' title='bbox 983 1555 1106 1607; x_wconf 88' lang='lat' dir='ltr'><strong>finis</strong></span> <span class='ocrx_word' id='word_1_117' title='bbox 1132 1555 1258 1607; x_wconf 88' lang='lat' dir='ltr'><strong>facti</strong></span> <span class='ocrx_word' id='word_1_118' title='bbox 1296 1574 1422 1608; x_wconf 91' lang='lat' dir='ltr'><strong>cum</strong></span> <span class='ocrx_word' id='word_1_119' title='bbox 1460 1556 1680 1608; x_wconf 89' lang='lat' dir='ltr'><strong>domino</strong></span> <span class='ocrx_word' id='word_1_120' title='bbox 1719 1574 1842 1625; x_wconf 88' lang='lat' dir='ltr'><strong>rege</strong></span> <span class='ocrx_word' id='word_1_121' title='bbox 1879 1573 1978 1625; x_wconf 90' lang='lat' dir='ltr'><strong>pro</strong></span> <span class='ocrx_word' id='word_1_122' title='bbox 2019 1555 2242 1607; x_wconf 88' lang='lat' dir='ltr'><strong>servicio</strong></span> <span class='ocrx_word' id='word_1_123' title='bbox 2282 1555 2426 1607; x_wconf 91' lang='lat' dir='ltr'><strong>dicto</strong></span> 
     </span>
     <span class='ocr_line' id='line_1_17' title="bbox 439 1639 2437 1711; baseline -0.002 -17"><span class='ocrx_word' id='word_1_124' title='bbox 439 1641 659 1695; x_wconf 88' lang='lat' dir='ltr'><strong>domino</strong></span> <span class='ocrx_word' id='word_1_125' title='bbox 685 1641 796 1711; x_wconf 89' lang='lat' dir='ltr'><strong>regi</strong></span> <span class='ocrx_word' id='word_1_126' title='bbox 822 1640 1005 1694; x_wconf 89' lang='lat' dir='ltr'><strong>debito</strong></span> <span class='ocrx_word' id='word_1_127' title='bbox 1030 1641 1087 1693; x_wconf 91' lang='lat' dir='ltr'><strong>in</strong></span> <span class='ocrx_word' id='word_1_128' title='bbox 1112 1642 1352 1711; x_wconf 89' lang='lat' dir='ltr'><strong>presenti</strong></span> <span class='ocrx_word' id='word_1_129' title='bbox 1371 1642 1609 1694; x_wconf 88' lang='lat' dir='ltr'><strong>exercitu</strong></span> <span class='ocrx_word' id='word_1_130' title='bbox 1635 1660 1733 1693; x_wconf 90' lang='lat' dir='ltr'><strong>suo</strong></span> <span class='ocrx_word' id='word_1_131' title='bbox 1750 1641 1962 1693; x_wconf 85' lang='lat' dir='ltr'><strong>Wallic.</strong></span> <span class='ocrx_word' id='word_1_132' title='bbox 2041 1640 2191 1694; x_wconf 72' lang='lat' dir='ltr'><strong>Quas</strong></span> <span class='ocrx_word' id='word_1_133' title='bbox 2219 1639 2437 1709; x_wconf 91' lang='lat' dir='ltr'><strong>quidem</strong></span> 
     </span>
     <span class='ocr_line' id='line_1_18' title="bbox 438 1724 2437 1796; baseline -0.002 -17"><span class='ocrx_word' id='word_1_134' title='bbox 438 1733 657 1779; x_wconf 88' lang='lat' dir='ltr'><strong>centum</strong></span> <span class='ocrx_word' id='word_1_135' title='bbox 683 1733 738 1778; x_wconf 92' lang='lat' dir='ltr'><strong>et</strong></span> <span class='ocrx_word' id='word_1_136' title='bbox 761 1724 953 1795; x_wconf 92' lang='lat' dir='ltr'><strong>viginti</strong></span> <span class='ocrx_word' id='word_1_137' title='bbox 979 1725 1215 1795; x_wconf 91' lang='lat' dir='ltr'><strong>quinque</strong></span> <span class='ocrx_word' id='word_1_138' title='bbox 1240 1744 1445 1779; x_wconf 89' lang='lat' dir='ltr'><strong>marcas</strong></span> <span class='ocrx_word' id='word_1_139' title='bbox 1471 1744 1558 1778; x_wconf 91' lang='lat' dir='ltr'><strong>me</strong></span> <span class='ocrx_word' id='word_1_140' title='bbox 1595 1735 1867 1796; x_wconf 92' lang='lat' dir='ltr'><strong>protestor</strong></span> <span class='ocrx_word' id='word_1_141' title='bbox 1891 1725 2126 1795; x_wconf 89' lang='lat' dir='ltr'><strong>plenarie</strong></span> <span class='ocrx_word' id='word_1_142' title='bbox 2154 1732 2209 1776; x_wconf 94' lang='lat' dir='ltr'><strong>et</strong></span> <span class='ocrx_word' id='word_1_143' title='bbox 2232 1725 2437 1793; x_wconf 85' lang='lat' dir='ltr'><strong>integre</strong></span> 
     </span>
     <span class='ocr_line' id='line_1_19' title="bbox 437 1809 2435 1881; baseline -0.002 -17"><span class='ocrx_word' id='word_1_144' title='bbox 437 1811 721 1881; x_wconf 85' lang='lat' dir='ltr'><strong>recepisse.</strong></span> <span class='ocrx_word' id='word_1_145' title='bbox 797 1811 959 1864; x_wconf 90' lang='lat' dir='ltr'><strong>Unde</strong></span> <span class='ocrx_word' id='word_1_146' title='bbox 998 1811 1203 1863; x_wconf 89' lang='lat' dir='ltr'><strong>dictum</strong></span> <span class='ocrx_word' id='word_1_147' title='bbox 1242 1811 1493 1865; x_wconf 86' lang='lat' dir='ltr'><strong>abbatem</strong></span> <span class='ocrx_word' id='word_1_148' title='bbox 1532 1820 1587 1864; x_wconf 92' lang='lat' dir='ltr'><strong>et</strong></span> <span class='ocrx_word' id='word_1_149' title='bbox 1625 1829 1960 1865; x_wconf 89' lang='lat' dir='ltr'><strong>successores</strong></span> <span class='ocrx_word' id='word_1_150' title='bbox 2006 1829 2133 1863; x_wconf 91' lang='lat' dir='ltr'><strong>suos</strong></span> <span class='ocrx_word' id='word_1_151' title='bbox 2173 1811 2238 1862; x_wconf 91' lang='lat' dir='ltr'><strong>de</strong></span> <span class='ocrx_word' id='word_1_152' title='bbox 2278 1809 2435 1862; x_wconf 83' lang='lat' dir='ltr'><strong>dictis</strong></span> 
     </span>
     <span class='ocr_line' id='line_1_20' title="bbox 436 1897 2439 1967; baseline -0.001 -17"><span class='ocrx_word' id='word_1_153' title='bbox 436 1906 654 1951; x_wconf 89' lang='lat' dir='ltr'><strong>centum</strong></span> <span class='ocrx_word' id='word_1_154' title='bbox 693 1905 747 1950; x_wconf 90' lang='lat' dir='ltr'><strong>et</strong></span> <span class='ocrx_word' id='word_1_155' title='bbox 771 1897 962 1967; x_wconf 88' lang='lat' dir='ltr'><strong>viginti</strong></span> <span class='ocrx_word' id='word_1_156' title='bbox 987 1898 1223 1967; x_wconf 90' lang='lat' dir='ltr'><strong>quinque</strong></span> <span class='ocrx_word' id='word_1_157' title='bbox 1264 1898 1456 1950; x_wconf 88' lang='lat' dir='ltr'><strong>marcis</strong></span> <span class='ocrx_word' id='word_1_158' title='bbox 1496 1916 1618 1967; x_wconf 88' lang='lat' dir='ltr'><strong>erga</strong></span> <span class='ocrx_word' id='word_1_159' title='bbox 1656 1897 1937 1949; x_wconf 89' lang='lat' dir='ltr'><strong>dominum</strong></span> <span class='ocrx_word' id='word_1_160' title='bbox 1970 1914 2150 1965; x_wconf 88' lang='lat' dir='ltr'><strong>regem</strong></span> <span class='ocrx_word' id='word_1_161' title='bbox 2188 1903 2244 1948; x_wconf 92' lang='lat' dir='ltr'><strong>et</strong></span> <span class='ocrx_word' id='word_1_162' title='bbox 2278 1914 2439 1965; x_wconf 92' lang='lat' dir='ltr'><strong>quos-</strong></span> 
     </span>
     <span class='ocr_line' id='line_1_21' title="bbox 438 1981 2439 2053; baseline -0.001 -18"><span class='ocrx_word' id='word_1_163' title='bbox 438 2001 669 2052; x_wconf 88' lang='lat' dir='ltr'><strong>cumque</strong></span> <span class='ocrx_word' id='word_1_164' title='bbox 695 1983 828 2034; x_wconf 93' lang='lat' dir='ltr'><strong>alios</strong></span> <span class='ocrx_word' id='word_1_165' title='bbox 855 1983 1139 2035; x_wconf 91' lang='lat' dir='ltr'><strong>defendam</strong></span> <span class='ocrx_word' id='word_1_166' title='bbox 1178 1990 1234 2036; x_wconf 88' lang='lat' dir='ltr'><strong>et</strong></span> <span class='ocrx_word' id='word_1_167' title='bbox 1270 1983 1573 2053; x_wconf 90' lang='lat' dir='ltr'><strong>aquietabo.</strong></span> <span class='ocrx_word' id='word_1_168' title='bbox 1651 1983 1718 2034; x_wconf 92' lang='lat' dir='ltr'><strong>In</strong></span> <span class='ocrx_word' id='word_1_169' title='bbox 1757 1983 1912 2052; x_wconf 90' lang='lat' dir='ltr'><strong>cujus</strong></span> <span class='ocrx_word' id='word_1_170' title='bbox 1949 1982 2026 2034; x_wconf 89' lang='lat' dir='ltr'><strong>rei</strong></span> <span class='ocrx_word' id='word_1_171' title='bbox 2064 1981 2439 2034; x_wconf 88' lang='lat' dir='ltr'><strong>testimonium</strong></span> 
     </span>
     <span class='ocr_line' id='line_1_22' title="bbox 439 2066 2441 2137; baseline -0 -18"><span class='ocrx_word' id='word_1_172' title='bbox 439 2067 566 2119; x_wconf 90' lang='lat' dir='ltr'><strong>huic</strong></span> <span class='ocrx_word' id='word_1_173' title='bbox 593 2067 793 2136; x_wconf 91' lang='lat' dir='ltr'><strong>scripto</strong></span> <span class='ocrx_word' id='word_1_174' title='bbox 821 2066 1055 2136; x_wconf 88' lang='lat' dir='ltr'><strong>sigillum</strong></span> <span class='ocrx_word' id='word_1_175' title='bbox 1092 2085 1274 2119; x_wconf 89' lang='lat' dir='ltr'><strong>meum</strong></span> <span class='ocrx_word' id='word_1_176' title='bbox 1313 2067 1558 2137; x_wconf 90' lang='lat' dir='ltr'><strong>apposui.</strong></span> <span class='ocrx_word' id='word_1_177' title='bbox 1636 2068 1843 2119; x_wconf 92' lang='lat' dir='ltr'><strong>Datum</strong></span> <span class='ocrx_word' id='word_1_178' title='bbox 1879 2067 1937 2119; x_wconf 91' lang='lat' dir='ltr'><strong>in</strong></span> <span class='ocrx_word' id='word_1_179' title='bbox 1975 2066 2231 2134; x_wconf 87' lang='lat' dir='ltr'><strong>nundinis</strong></span> <span class='ocrx_word' id='word_1_180' title='bbox 2271 2067 2441 2118; x_wconf 88' lang='lat' dir='ltr'><strong>sancti</strong></span> 
     </span>
     <span class='ocr_line' id='line_1_23' title="bbox 438 2151 2441 2222; baseline 0 -19"><span class='ocrx_word' id='word_1_181' title='bbox 438 2152 719 2222; x_wconf 84' lang='lat' dir='ltr'><strong>Botulphi,</strong></span> <span class='ocrx_word' id='word_1_182' title='bbox 738 2151 796 2203; x_wconf 91' lang='lat' dir='ltr'><strong>in</strong></span> <span class='ocrx_word' id='word_1_183' title='bbox 820 2153 960 2220; x_wconf 86' lang='lat' dir='ltr'><strong>festo</strong></span> <span class='ocrx_word' id='word_1_184' title='bbox 988 2153 1159 2205; x_wconf 91' lang='lat' dir='ltr'><strong>sancti</strong></span> <span class='ocrx_word' id='word_1_185' title='bbox 1178 2152 1325 2205; x_wconf 90' lang='lat' dir='ltr'><strong>Petri</strong></span> <span class='ocrx_word' id='word_1_186' title='bbox 1350 2153 1418 2205; x_wconf 91' lang='lat' dir='ltr'><strong>ad</strong></span> <span class='ocrx_word' id='word_1_187' title='bbox 1437 2152 1669 2219; x_wconf 78' lang='lat' dir='ltr'><strong>vincula,</strong></span> <span class='ocrx_word' id='word_1_188' title='bbox 1693 2171 1835 2205; x_wconf 89' lang='lat' dir='ltr'><strong>anno</strong></span> <span class='ocrx_word' id='word_1_189' title='bbox 1862 2151 2089 2204; x_wconf 90' lang='lat' dir='ltr'><strong>Domini</strong></span> <span class='ocrx_word' id='word_1_190' title='bbox 2115 2151 2209 2202; x_wconf 85' lang='grc' dir='ltr'><strong>ΜΟ</strong></span> <span class='ocrx_word' id='word_1_191' title='bbox 2235 2167 2323 2203; x_wconf 81' lang='lat' dir='ltr'><strong>ce.</strong></span> <span class='ocrx_word' id='word_1_192' title='bbox 2352 2169 2441 2203; x_wconf 92' lang='lat' dir='ltr'><strong>oc-</strong></span> 
     </span>
     <span class='ocr_line' id='line_1_24' title="bbox 440 2236 988 2306; baseline 0.005 -18"><span class='ocrx_word' id='word_1_193' title='bbox 440 2236 705 2306; x_wconf 89' lang='lat' dir='ltr'><strong>togesimo</strong></span> <span class='ocrx_word' id='word_1_194' title='bbox 733 2238 988 2291; x_wconf 73' lang='lat' dir='ltr'><strong>secundo,</strong></span> 
     </span>
    </p>

    <p class='ocr_par' dir='ltr' id='par_1_6' title="bbox 510 2323 2442 2378">
     <span class='ocr_line' id='line_1_25' title="bbox 510 2323 2442 2378; baseline 0.001 -4"><span class='ocrx_word' id='word_1_195' title='bbox 510 2323 690 2375; x_wconf 90' lang='lat' dir='ltr'><strong>Datus</strong></span> <span class='ocrx_word' id='word_1_196' title='bbox 740 2330 825 2375; x_wconf 88' lang='lat' dir='ltr'><strong>est</strong></span> <span class='ocrx_word' id='word_1_197' title='bbox 875 2323 990 2376; x_wconf 90' lang='lat' dir='ltr'><strong>dies</strong></span> <span class='ocrx_word' id='word_1_198' title='bbox 1037 2324 1283 2377; x_wconf 89' lang='lat' dir='ltr'><strong>solvendi</strong></span> <span class='ocrx_word' id='word_1_199' title='bbox 1327 2326 1486 2378; x_wconf 90' lang='lat' dir='ltr'><strong>aliam</strong></span> <span class='ocrx_word' id='word_1_200' title='bbox 1535 2324 1880 2378; x_wconf 89' lang='lat' dir='ltr'><strong>medietatem</strong></span> <span class='ocrx_word' id='word_1_201' title='bbox 1925 2325 1993 2376; x_wconf 92' lang='lat' dir='ltr'><strong>ad</strong></span> <span class='ocrx_word' id='word_1_202' title='bbox 2031 2325 2229 2376; x_wconf 85' lang='lat' dir='ltr'><strong>festum</strong></span> <span class='ocrx_word' id='word_1_203' title='bbox 2271 2324 2442 2377; x_wconf 90' lang='lat' dir='ltr'><strong>sancti</strong></span> 
     </span>
    </p>
   </div>
   <div class='ocr_carea' id='block_1_5' title="bbox 75 2409 2442 2482">
    <p class='ocr_par' dir='ltr' id='par_1_7' title="bbox 75 2409 2442 2482">
     <span class='ocr_line' id='line_1_26' title="bbox 75 2409 2442 2482; baseline -0 -19"><span class='ocrx_word' id='word_1_204' title='bbox 75 2423 179 2476; x_wconf 87' lang='lat' dir='ltr'><em>(fol.</em></span> <span class='ocrx_word' id='word_1_205' title='bbox 199 2424 297 2464; x_wconf 68' lang='lat' dir='ltr'><strong><em>xcii.</em></strong></span> <span class='ocrx_word' id='word_1_206' title='bbox 316 2422 406 2477; x_wconf 71' lang='lat'>220.)</span> <span class='ocrx_word' id='word_1_207' title='bbox 442 2409 727 2461; x_wconf 90' lang='lat' dir='ltr'><strong>Michaelis</strong></span> <span class='ocrx_word' id='word_1_208' title='bbox 776 2410 1025 2478; x_wconf 86' lang='lat' dir='ltr'><strong>proximo</strong></span> <span class='ocrx_word' id='word_1_209' title='bbox 1076 2411 1368 2481; x_wconf 90' lang='lat' dir='ltr'><strong>sequentis.</strong></span> <span class='ocrx_word' id='word_1_210' title='bbox 1443 2413 1579 2478; x_wconf 73' lang='lat' dir='ltr'><strong>[Ad</strong></span> <span class='ocrx_word' id='word_1_211' title='bbox 1623 2431 1783 2482; x_wconf 89' lang='lat' dir='ltr'><strong>quem</strong></span> <span class='ocrx_word' id='word_1_212' title='bbox 1828 2411 2122 2464; x_wconf 91' lang='lat' dir='ltr'><strong>terminum</strong></span> <span class='ocrx_word' id='word_1_213' title='bbox 2158 2411 2442 2464; x_wconf 92' lang='lat' dir='ltr'><strong>solvuntur</strong></span> 
     </span>
    </p>
   </div>
   <div class='ocr_carea' id='block_1_6' title="bbox 441 2494 2444 3418">
    <p class='ocr_par' dir='ltr' id='par_1_8' title="bbox 441 2494 2444 3418">
     <span class='ocr_line' id='line_1_27' title="bbox 441 2494 2443 2567; baseline 0.001 -20"><span class='ocrx_word' id='word_1_214' title='bbox 441 2494 697 2565; x_wconf 89' lang='lat' dir='ltr'><strong>predictis</strong></span> <span class='ocrx_word' id='word_1_215' title='bbox 740 2494 1127 2548; x_wconf 89' lang='lat' dir='ltr'><strong>mercatoribus</strong></span> <span class='ocrx_word' id='word_1_216' title='bbox 1168 2498 1312 2566; x_wconf 91' lang='lat' dir='ltr'><strong>apud</strong></span> <span class='ocrx_word' id='word_1_217' title='bbox 1356 2498 1671 2550; x_wconf 88' lang='lat' dir='ltr'><strong>Londonias</strong></span> <span class='ocrx_word' id='word_1_218' title='bbox 1700 2517 1874 2551; x_wconf 86' lang='lat' dir='ltr'><strong>.cxxv.</strong></span> <span class='ocrx_word' id='word_1_219' title='bbox 1900 2516 2106 2550; x_wconf 89' lang='lat' dir='ltr'><strong>marcas</strong></span> <span class='ocrx_word' id='word_1_220' title='bbox 2139 2516 2237 2567; x_wconf 88' lang='lat' dir='ltr'><strong>per</strong></span> <span class='ocrx_word' id='word_1_221' title='bbox 2261 2498 2443 2567; x_wconf 90' lang='lat' dir='ltr'><strong>aquie-</strong></span> 
     </span>
     <span class='ocr_line' id='line_1_28' title="bbox 443 2579 2441 2651; baseline 0.001 -19"><span class='ocrx_word' id='word_1_222' title='bbox 443 2579 676 2632; x_wconf 90' lang='lat' dir='ltr'><strong>tanciam</strong></span> <span class='ocrx_word' id='word_1_223' title='bbox 721 2579 1099 2650; x_wconf 87' lang='lat' dir='ltr'><strong>subscriptam.</strong></span> <span class='ocrx_word' id='word_1_224' title='bbox 1193 2581 1463 2633; x_wconf 89' lang='lat' dir='ltr'><strong>Noverint</strong></span> <span class='ocrx_word' id='word_1_225' title='bbox 1505 2582 1745 2635; x_wconf 88' lang='lat' dir='ltr'><strong>universi</strong></span> <span class='ocrx_word' id='word_1_226' title='bbox 1786 2582 1932 2651; x_wconf 92' lang='lat' dir='ltr'><strong>quod</strong></span> <span class='ocrx_word' id='word_1_227' title='bbox 1973 2600 2071 2651; x_wconf 89' lang='lat' dir='ltr'><strong>ego</strong></span> <span class='ocrx_word' id='word_1_228' title='bbox 2116 2582 2441 2634; x_wconf 90' lang='lat' dir='ltr'><strong>Bouruncus</strong></span> 
     </span>
     <span class='ocr_line' id='line_1_29' title="bbox 447 2664 2441 2736; baseline 0.001 -19"><span class='ocrx_word' id='word_1_229' title='bbox 447 2664 721 2730; x_wconf 86' lang='lat' dir='ltr'><strong>Gwalteri,</strong></span> <span class='ocrx_word' id='word_1_230' title='bbox 747 2665 879 2717; x_wconf 89' lang='lat' dir='ltr'><strong>civis</strong></span> <span class='ocrx_word' id='word_1_231' title='bbox 923 2673 978 2718; x_wconf 92' lang='lat' dir='ltr'><strong>et</strong></span> <span class='ocrx_word' id='word_1_232' title='bbox 1027 2673 1292 2718; x_wconf 86' lang='lat' dir='ltr'><strong>mercator</strong></span> <span class='ocrx_word' id='word_1_233' title='bbox 1326 2666 1683 2730; x_wconf 81' lang='lat' dir='ltr'><strong>LucanensiS,</strong></span> <span class='ocrx_word' id='word_1_234' title='bbox 1725 2667 1904 2736; x_wconf 91' lang='lat' dir='ltr'><strong>recepi</strong></span> <span class='ocrx_word' id='word_1_235' title='bbox 1947 2684 1978 2717; x_wconf 88' lang='lat' dir='ltr'><strong>a</strong></span> <span class='ocrx_word' id='word_1_236' title='bbox 2015 2666 2276 2735; x_wconf 90' lang='lat' dir='ltr'><strong>religiosis</strong></span> <span class='ocrx_word' id='word_1_237' title='bbox 2313 2667 2441 2718; x_wconf 87' lang='lat' dir='ltr'><strong>viris</strong></span> 
     </span>
     <span class='ocr_line' id='line_1_30' title="bbox 445 2748 2441 2820; baseline 0.001 -18"><span class='ocrx_word' id='word_1_238' title='bbox 445 2750 639 2803; x_wconf 91' lang='lat' dir='ltr'><strong>abbate</strong></span> <span class='ocrx_word' id='word_1_239' title='bbox 682 2757 738 2802; x_wconf 91' lang='lat' dir='ltr'><strong>et</strong></span> <span class='ocrx_word' id='word_1_240' title='bbox 789 2757 1061 2802; x_wconf 88' lang='lat' dir='ltr'><strong>conventu</strong></span> <span class='ocrx_word' id='word_1_241' title='bbox 1104 2750 1170 2802; x_wconf 92' lang='lat' dir='ltr'><strong>de</strong></span> <span class='ocrx_word' id='word_1_242' title='bbox 1222 2748 1405 2820; x_wconf 90' lang='lat' dir='ltr'><strong>Burgo</strong></span> <span class='ocrx_word' id='word_1_243' title='bbox 1456 2751 1627 2803; x_wconf 89' lang='lat' dir='ltr'><strong>sancti</strong></span> <span class='ocrx_word' id='word_1_244' title='bbox 1688 2750 1834 2803; x_wconf 90' lang='lat' dir='ltr'><strong>Petri</strong></span> <span class='ocrx_word' id='word_1_245' title='bbox 1890 2769 1987 2820; x_wconf 89' lang='lat' dir='ltr'><strong>per</strong></span> <span class='ocrx_word' id='word_1_246' title='bbox 2028 2769 2220 2802; x_wconf 90' lang='lat' dir='ltr'><strong>manus</strong></span> <span class='ocrx_word' id='word_1_247' title='bbox 2263 2752 2441 2803; x_wconf 87' lang='lat' dir='ltr'><strong>fratris</strong></span> 
     </span>
     <span class='ocr_line' id='line_1_31' title="bbox 444 2835 2444 2890; baseline -0.001 0"><span class='ocrx_word' id='word_1_248' title='bbox 444 2837 482 2890; x_wconf 92' lang='lat' dir='ltr'><strong>J</strong></span> <span class='ocrx_word' id='word_1_249' title='bbox 486 2835 713 2889; x_wconf 89' lang='lat' dir='ltr'><strong>ohannis</strong></span> <span class='ocrx_word' id='word_1_250' title='bbox 740 2836 806 2887; x_wconf 90' lang='lat' dir='ltr'><strong>de</strong></span> <span class='ocrx_word' id='word_1_251' title='bbox 835 2835 1099 2888; x_wconf 86' lang='lat' dir='ltr'><strong>Gretham</strong></span> <span class='ocrx_word' id='word_1_252' title='bbox 1126 2836 1502 2889; x_wconf 89' lang='lat' dir='ltr'><strong>commonachi</strong></span> <span class='ocrx_word' id='word_1_253' title='bbox 1541 2837 1625 2889; x_wconf 89' lang='lat' dir='ltr'><strong>sui</strong></span> <span class='ocrx_word' id='word_1_254' title='bbox 1653 2855 1826 2890; x_wconf 79' lang='lat' dir='ltr'><strong>,cxxv.</strong></span> <span class='ocrx_word' id='word_1_255' title='bbox 1853 2855 2056 2890; x_wconf 87' lang='lat' dir='ltr'><strong>marcas</strong></span> <span class='ocrx_word' id='word_1_256' title='bbox 2092 2837 2361 2890; x_wconf 88' lang='lat' dir='ltr'><strong>bonorum</strong></span> <span class='ocrx_word' id='word_1_257' title='bbox 2388 2846 2444 2890; x_wconf 89' lang='lat' dir='ltr'><strong>et</strong></span> 
     </span>
     <span class='ocr_line' id='line_1_32' title="bbox 443 2921 2442 2992; baseline -0.001 -17"><span class='ocrx_word' id='word_1_258' title='bbox 443 2922 693 2992; x_wconf 90' lang='lat' dir='ltr'><strong>legalium</strong></span> <span class='ocrx_word' id='word_1_259' title='bbox 720 2921 1098 2991; x_wconf 90' lang='lat' dir='ltr'><strong>sterlingorum</strong></span> <span class='ocrx_word' id='word_1_260' title='bbox 1122 2921 1180 2973; x_wconf 91' lang='lat' dir='ltr'><strong>in</strong></span> <span class='ocrx_word' id='word_1_261' title='bbox 1204 2929 1415 2990; x_wconf 89' lang='lat' dir='ltr'><strong>partem</strong></span> <span class='ocrx_word' id='word_1_262' title='bbox 1454 2921 1744 2975; x_wconf 89' lang='lat' dir='ltr'><strong>solucionis</strong></span> <span class='ocrx_word' id='word_1_263' title='bbox 1773 2939 1862 2975; x_wconf 85' lang='lat' dir='ltr'><strong>cc.</strong></span> <span class='ocrx_word' id='word_1_264' title='bbox 1889 2930 1944 2975; x_wconf 92' lang='lat' dir='ltr'><strong>et</strong></span> <span class='ocrx_word' id='word_1_265' title='bbox 1971 2941 2023 2974; x_wconf 88' lang='lat' dir='ltr'><strong>L.</strong></span> <span class='ocrx_word' id='word_1_266' title='bbox 2051 2940 2348 2974; x_wconf 89' lang='lat' dir='ltr'><strong>marcarum</strong></span> <span class='ocrx_word' id='word_1_267' title='bbox 2375 2923 2442 2974; x_wconf 91' lang='lat' dir='ltr'><strong>de</strong></span> 
     </span>
     <span class='ocr_line' id='line_1_33' title="bbox 442 3006 2440 3077; baseline 0 -18"><span class='ocrx_word' id='word_1_268' title='bbox 442 3007 551 3060; x_wconf 88' lang='lat' dir='ltr'><strong>fine</strong></span> <span class='ocrx_word' id='word_1_269' title='bbox 575 3008 716 3059; x_wconf 84' lang='lat' dir='ltr'><strong>facto</strong></span> <span class='ocrx_word' id='word_1_270' title='bbox 743 3025 869 3059; x_wconf 91' lang='lat' dir='ltr'><strong>cum</strong></span> <span class='ocrx_word' id='word_1_271' title='bbox 901 3006 1122 3059; x_wconf 87' lang='lat' dir='ltr'><strong>domino</strong></span> <span class='ocrx_word' id='word_1_272' title='bbox 1160 3025 1283 3076; x_wconf 86' lang='lat' dir='ltr'><strong>rege</strong></span> <span class='ocrx_word' id='word_1_273' title='bbox 1307 3006 1501 3076; x_wconf 92' lang='lat' dir='ltr'><strong>Anglie</strong></span> <span class='ocrx_word' id='word_1_274' title='bbox 1528 3026 1627 3077; x_wconf 93' lang='lat' dir='ltr'><strong>pro</strong></span> <span class='ocrx_word' id='word_1_275' title='bbox 1659 3008 1884 3061; x_wconf 89' lang='lat' dir='ltr'><strong>servicio</strong></span> <span class='ocrx_word' id='word_1_276' title='bbox 1912 3008 2193 3061; x_wconf 72' lang='lat' dir='ltr'><strong>vdictorum</strong></span> <span class='ocrx_word' id='word_1_277' title='bbox 2231 3007 2440 3060; x_wconf 91' lang='lat' dir='ltr'><strong>abbatis</strong></span> 
     </span>
     <span class='ocr_line' id='line_1_34' title="bbox 442 3092 2441 3163; baseline 0 -18"><span class='ocrx_word' id='word_1_278' title='bbox 442 3100 498 3145; x_wconf 88' lang='lat' dir='ltr'><strong>et</strong></span> <span class='ocrx_word' id='word_1_279' title='bbox 522 3100 820 3145; x_wconf 91' lang='lat' dir='ltr'><strong>conventus</strong></span> <span class='ocrx_word' id='word_1_280' title='bbox 846 3092 1022 3145; x_wconf 91' lang='lat' dir='ltr'><strong>eidem</strong></span> <span class='ocrx_word' id='word_1_281' title='bbox 1048 3092 1269 3144; x_wconf 90' lang='lat' dir='ltr'><strong>domino</strong></span> <span class='ocrx_word' id='word_1_282' title='bbox 1311 3092 1424 3161; x_wconf 89' lang='lat' dir='ltr'><strong>regi</strong></span> <span class='ocrx_word' id='word_1_283' title='bbox 1466 3093 1649 3146; x_wconf 92' lang='lat' dir='ltr'><strong>debito</strong></span> <span class='ocrx_word' id='word_1_284' title='bbox 1690 3094 1747 3146; x_wconf 91' lang='lat' dir='ltr'><strong>in</strong></span> <span class='ocrx_word' id='word_1_285' title='bbox 1773 3093 1988 3160; x_wconf 89' lang='lat' dir='ltr'><strong>Wallia,</strong></span> <span class='ocrx_word' id='word_1_286' title='bbox 2014 3112 2156 3146; x_wconf 90' lang='lat' dir='ltr'><strong>anno</strong></span> <span class='ocrx_word' id='word_1_287' title='bbox 2198 3094 2441 3163; x_wconf 88' lang='lat' dir='ltr'><strong>ejusdem</strong></span> 
     </span>
     <span class='ocr_line' id='line_1_35' title="bbox 444 3177 2442 3248; baseline 0.001 -18"><span class='ocrx_word' id='word_1_288' title='bbox 444 3177 607 3248; x_wconf 86' lang='lat' dir='ltr'><strong>Regis</strong></span> <span class='ocrx_word' id='word_1_289' title='bbox 632 3195 686 3230; x_wconf 86' lang='lat' dir='ltr'><strong>x.</strong></span> <span class='ocrx_word' id='word_1_290' title='bbox 713 3177 780 3230; x_wconf 94' lang='lat' dir='ltr'><strong>de</strong></span> <span class='ocrx_word' id='word_1_291' title='bbox 806 3177 1002 3246; x_wconf 88' lang='lat' dir='ltr'><strong>quibus</strong></span> <span class='ocrx_word' id='word_1_292' title='bbox 1030 3185 1247 3230; x_wconf 91' lang='lat' dir='ltr'><strong>centum</strong></span> <span class='ocrx_word' id='word_1_293' title='bbox 1268 3185 1324 3230; x_wconf 91' lang='lat' dir='ltr'><strong>et</strong></span> <span class='ocrx_word' id='word_1_294' title='bbox 1351 3195 1492 3231; x_wconf 78' lang='lat' dir='ltr'><strong>‚xxv.</strong></span> <span class='ocrx_word' id='word_1_295' title='bbox 1518 3179 1731 3244; x_wconf 82' lang='lat' dir='ltr'><strong>marciS,</strong></span> <span class='ocrx_word' id='word_1_296' title='bbox 1757 3179 1930 3231; x_wconf 91' lang='lat' dir='ltr'><strong>dictos</strong></span> <span class='ocrx_word' id='word_1_297' title='bbox 1957 3178 2206 3231; x_wconf 90' lang='lat' dir='ltr'><strong>abbatem</strong></span> <span class='ocrx_word' id='word_1_298' title='bbox 2233 3187 2288 3231; x_wconf 92' lang='lat' dir='ltr'><strong>et</strong></span> <span class='ocrx_word' id='word_1_299' title='bbox 2314 3197 2442 3232; x_wconf 91' lang='lat' dir='ltr'><strong>con-</strong></span> 
     </span>
     <span class='ocr_line' id='line_1_36' title="bbox 441 3264 2443 3333; baseline 0 -17"><span class='ocrx_word' id='word_1_300' title='bbox 441 3269 666 3316; x_wconf 89' lang='lat' dir='ltr'><strong>ventum</strong></span> <span class='ocrx_word' id='word_1_301' title='bbox 706 3269 762 3314; x_wconf 91' lang='lat' dir='ltr'><strong>et</strong></span> <span class='ocrx_word' id='word_1_302' title='bbox 811 3280 998 3314; x_wconf 88' lang='lat' dir='ltr'><strong>eorum</strong></span> <span class='ocrx_word' id='word_1_303' title='bbox 1043 3281 1379 3315; x_wconf 88' lang='lat' dir='ltr'><strong>successores</strong></span> <span class='ocrx_word' id='word_1_304' title='bbox 1423 3281 1546 3333; x_wconf 92' lang='lat' dir='ltr'><strong>erga</strong></span> <span class='ocrx_word' id='word_1_305' title='bbox 1593 3264 1798 3316; x_wconf 89' lang='lat' dir='ltr'><strong>dictum</strong></span> <span class='ocrx_word' id='word_1_306' title='bbox 1839 3264 2119 3316; x_wconf 91' lang='lat' dir='ltr'><strong>dominum</strong></span> <span class='ocrx_word' id='word_1_307' title='bbox 2163 3282 2343 3333; x_wconf 89' lang='lat' dir='ltr'><strong>regem</strong></span> <span class='ocrx_word' id='word_1_308' title='bbox 2387 3272 2443 3317; x_wconf 90' lang='lat' dir='ltr'><strong>et</strong></span> 
     </span>
     <span class='ocr_line' id='line_1_37' title="bbox 443 3347 2442 3418; baseline 0.001 -18"><span class='ocrx_word' id='word_1_309' title='bbox 443 3366 812 3418; x_wconf 89' lang='lat' dir='ltr'><strong>quoscumque</strong></span> <span class='ocrx_word' id='word_1_310' title='bbox 862 3347 993 3399; x_wconf 90' lang='lat' dir='ltr'><strong>alios</strong></span> <span class='ocrx_word' id='word_1_311' title='bbox 1044 3355 1156 3399; x_wconf 91' lang='lat' dir='ltr'><strong>tam</strong></span> <span class='ocrx_word' id='word_1_312' title='bbox 1207 3365 1305 3416; x_wconf 90' lang='lat' dir='ltr'><strong>ego</strong></span> <span class='ocrx_word' id='word_1_313' title='bbox 1347 3347 1671 3400; x_wconf 89' lang='lat' dir='ltr'><strong>Bouruncus</strong></span> <span class='ocrx_word' id='word_1_314' title='bbox 1723 3366 1883 3417; x_wconf 87' lang='lat' dir='ltr'><strong>quarn</strong></span> <span class='ocrx_word' id='word_1_315' title='bbox 1941 3347 2104 3400; x_wconf 89' lang='lat' dir='ltr'><strong>ceteri</strong></span> <span class='ocrx_word' id='word_1_316' title='bbox 2155 3348 2286 3401; x_wconf 89' lang='lat' dir='ltr'><strong>socii</strong></span> <span class='ocrx_word' id='word_1_317' title='bbox 2334 3351 2442 3402; x_wconf 91' lang='lat' dir='ltr'><strong>mei</strong></span> 
     </span>
    </p>
   </div>
   <div class='ocr_carea' id='block_1_7' title="bbox 443 3434 2505 3504">
    <p class='ocr_par' dir='ltr' id='par_1_9' title="bbox 443 3434 2524 3504">
     <span class='ocr_line' id='line_1_38' title="bbox 443 3434 2505 3504; baseline 0 -18"><span class='ocrx_word' id='word_1_318' title='bbox 443 3434 767 3504; x_wconf 87' lang='lat' dir='ltr'><strong>respondere</strong></span> <span class='ocrx_word' id='word_1_319' title='bbox 802 3442 1066 3499; x_wconf 85' lang='lat' dir='ltr'><strong>tenemur,</strong></span> <span class='ocrx_word' id='word_1_320' title='bbox 1092 3434 1376 3486; x_wconf 90' lang='lat' dir='ltr'><strong>defendere</strong></span> <span class='ocrx_word' id='word_1_321' title='bbox 1414 3442 1470 3487; x_wconf 89' lang='lat' dir='ltr'><strong>et</strong></span> <span class='ocrx_word' id='word_1_322' title='bbox 1506 3434 1793 3504; x_wconf 89' lang='lat' dir='ltr'><strong>aquietare.</strong></span> <span class='ocrx_word' id='word_1_323' title='bbox 1870 3435 1937 3486; x_wconf 95' lang='lat' dir='ltr'><strong>In</strong></span> <span class='ocrx_word' id='word_1_324' title='bbox 1977 3435 2138 3504; x_wconf 87' lang='lat' dir='ltr'><strong>hujus</strong></span> <span class='ocrx_word' id='word_1_325' title='bbox 2175 3434 2252 3487; x_wconf 90' lang='lat' dir='ltr'><strong>rei</strong></span> <span class='ocrx_word' id='word_1_326' title='bbox 2289 3435 2441 3488; x_wconf 87' lang='lat' dir='ltr'><strong>testi-</strong></span> <span class='ocrx_word' id='word_1_327' title='bbox 2462 3484 2505 3492; x_wconf 82' lang='grc'><strong>,,</strong></span> 
     </span>
    </p>
   </div>
  </div>
 </body>
</html>
