2774 3952
156 729 400 767 M⁰oclxxvii.

425 401 494 448 24
957 412 1313 449 onnomcoN
1344 414 1881 451 PETROBURGENSE.

422 538 460 591 J
463 539 703 592 ohannes
721 540 786 592 de
805 539 1055 609 Pappele.
1097 539 1270 590 Heres
1297 537 1501 590 domini
1516 538 1778 590 Willelmi
1798 540 2074 592 Marmiun
2095 541 2161 594 de
2183 541 2423 611 Luding-

423 632 568 677 tona.

499 711 622 763 Hoc
659 730 799 764 anno
826 729 1011 763 mense
1039 710 1192 775 Maii,
1218 717 1281 761 ut
1317 709 1609 772 dicebatur,
1636 708 1772 761 obiit
1797 727 1935 778 papa
1965 709 2003 762 J
2006 710 2262 763 ohannes,
2339 712 2425 763 Ita

493 881 764 932 Dominus
799 899 891 933 rex
931 882 1035 934 hoc
1075 899 1216 933 anno
1267 881 1404 933 circa
1442 882 1643 934 festum
1685 881 1854 933 sancti
1880 879 2149 933 Johannis
2177 881 2424 950 Baptiste

421 966 593 1018 movit
649 966 942 1018 exercitum
986 986 1173 1020 versus
1225 968 1477 1020 Walliam
1518 977 1705 1020 contra
1755 967 2088 1019 Lewelinum
2125 966 2425 1036 principem

422 1051 634 1103 Wallie.
709 1052 785 1103 Et
833 1051 908 1103 ibi
957 1053 1084 1106 fecit
1122 1053 1303 1106 venire
1347 1062 1524 1106 totum
1576 1052 1861 1105 servicium
1904 1053 2131 1104 militare
2182 1054 2327 1122 quod
2376 1053 2426 1105 ei

422 1136 687 1205 contingit
725 1137 780 1188 in
821 1138 1032 1207 Anglia.
1108 1139 1184 1190 Et
1217 1139 1341 1208 quia
1378 1138 1578 1190 milites
1616 1138 1801 1191 feofati
1827 1138 2123 1207 antiquitus
2159 1138 2226 1190 de
2253 1138 2425 1191 domi-

421 1222 555 1274 nicis
584 1222 815 1274 Baronie
841 1223 997 1275 istius
1025 1224 1225 1293 dejure
1250 1231 1564 1276 tenerentur
1589 1224 1867 1276 ecclesiam
1885 1224 2046 1275 istam
2072 1224 2128 1275 in
2147 1225 2247 1276 hac
2272 1233 2425 1293 parte

421 1307 560 1359 tueri
600 1308 739 1360 sicut
778 1316 1144 1361 antecessores
1189 1327 1377 1361 eorum
1422 1310 1680 1373 fecerunt,
1726 1309 1888 1361 modo
1942 1309 2331 1362 contumaciter
2368 1329 2425 1363 se

418 1392 636 1445 habent.
732 1393 798 1445 In
850 1395 1161 1447 memoriam
1211 1396 1519 1447 futurorum
1582 1395 1805 1447 modum
1869 1395 2313 1448 summonicionis
2370 1405 2425 1449 et

420 1496 606 1530 eorum
648 1497 808 1547 super
845 1480 950 1532 hoc
990 1499 1310 1550 responsum
1345 1489 1428 1532 est
1467 1480 1555 1532 hic
1580 1480 1943 1533 intersertum.
2017 1481 2106 1532 Ad
2127 1483 2424 1534 summoni-

420 1564 632 1616 cionem
660 1564 864 1616 domini
899 1565 1107 1618 abbatis
1134 1567 1188 1618 in
1229 1566 1460 1619 crastino
1490 1566 1659 1618 sancti
1698 1566 1735 1619 J
1740 1565 1967 1618 ohannis
2007 1566 2252 1635 Baptiste
2279 1568 2423 1636 apud

421 1649 782 1702 Stamfordam
808 1651 1024 1721 quidam
1052 1670 1238 1704 eorum
1263 1653 1320 1704 in
1346 1652 1562 1722 propria
1587 1670 1816 1721 persona
1832 1660 2111 1704 venerunt.
2188 1652 2422 1706 Quidam

417 1753 515 1803 per
539 1742 855 1788 attornatos.
921 1736 1159 1790 Quidam
1186 1757 1285 1790 nec
1310 1745 1575 1790 venerunt
1599 1756 1699 1790 nec
1726 1737 2006 1789 miserunt.
2070 1737 2147 1789 Et
2172 1738 2422 1790 dominus

417 1821 582 1873 abbas
609 1829 907 1874 attornatos
950 1823 1363 1893 calumpniando
1390 1823 1789 1893 quodammodo
1824 1823 2059 1876 admisit.
2136 1824 2267 1875 Illos
2294 1843 2421 1877 vero

418 1907 509 1976 qui
535 1908 757 1960 omnino
783 1927 890 1961 non
919 1919 1186 1962 venerunt
1209 1910 1394 1980 posuit
1436 1910 1493 1961 in
1521 1910 1790 1961 defaltam.
1866 1909 2079 1962 Deinde
2104 1909 2230 1961 fecit
2249 1910 2422 1977 legere

415 1992 626 2045 literam
668 1993 875 2045 domini
922 1995 1060 2064 regis
1103 2013 1266 2063 super
1301 1995 1408 2046 isto
1444 1994 1669 2063 negocio
1711 1993 1887 2046 eidem
1933 1993 2207 2046 directam.
2299 1995 2423 2047 Qua

415 2079 666 2148 perlecta,
688 2078 823 2129 dixit
840 2078 1092 2130 dominus
1119 2079 1303 2130 abbas,
1349 2083 1384 2108 “
1402 2078 1546 2132 Quia
1571 2079 1674 2130 hoc
1702 2078 1849 2147 quod
1875 2077 2128 2129 dominus
2148 2095 2243 2129 rex
2258 2078 2423 2147 exigit

416 2182 447 2215 a
471 2181 575 2227 me,
600 2181 698 2214 vos
724 2162 930 2215 ratione
956 2163 1407 2215 feofamentorum
1442 2170 1749 2214 vestrorum
1775 2162 1833 2212 in
1859 2161 1963 2213 hoc
2002 2161 2263 2212 tenemini
2289 2162 2423 2214 mihi

415 2257 470 2302 et
489 2249 709 2302 ecclesie
737 2249 803 2301 de
831 2249 1031 2318 Burg0,
1057 2268 1155 2318 ego
1181 2249 1419 2319 precipio
1445 2248 1600 2301 vobis
1627 2247 1680 2299 in
1720 2248 1828 2299 fide
1855 2266 1960 2317 qua
1987 2247 2207 2299 domino
2232 2247 2342 2316 regi
2368 2256 2423 2300 et

413 2335 547 2387 mihi
572 2335 848 2397 tenemini,
870 2343 931 2386 ut
948 2335 1119 2404 parati
1146 2336 1262 2387 sitis
1289 2335 1375 2387 die
1402 2335 1634 2387 crastino
1662 2334 1730 2385 ad
1756 2333 2208 2403 proficiscendum
2232 2351 2420 2385 versus

413 2437 591 2489 regem
620 2419 916 2471 secundum
941 2428 1184 2472 tenorem
1205 2419 1444 2471 mandati
1472 2419 1608 2470 sui.”
1686 2418 1798 2472 Qui
1823 2426 1950 2487 post
1974 2417 2173 2469 multas
2201 2417 2422 2470 alterca-

415 2504 596 2556 ciones
615 2503 743 2554 hinc
776 2502 901 2554 inde
927 2503 1094 2554 factas
1122 2521 1284 2572 super
1309 2502 1795 2554 consuetudinibus
1822 2501 2156 2571 temporibus
2182 2510 2423 2554 anteces-

416 2608 598 2642 sorum
627 2607 846 2641 suorum
871 2589 929 2640 in
967 2589 1066 2641 hac
1090 2597 1242 2658 parte
1267 2588 1500 2652 usitatiS,
1525 2596 1588 2639 ut
1623 2587 1890 2652 dicebant,
1919 2588 2138 2639 demum
2163 2606 2420 2657 recogno-

414 2682 611 2727 verunt
647 2692 704 2726 se
745 2673 938 2725 debere
976 2673 1330 2742 personaliter
1373 2672 1442 2725 ob
1470 2671 1840 2724 defensionem
1881 2671 2121 2723 Ecclesie
2157 2672 2325 2740 Burgi
2350 2673 2418 2724 ad

414 2750 740 2814 excercitum
788 2759 926 2829 regis
970 2759 1065 2822 ire,
1108 2758 1434 2828 sumptubus
1484 2766 1685 2822 tamen,
1734 2758 1903 2827 equiS,
1944 2766 1999 2810 et
2041 2757 2221 2822 armiS,
2246 2758 2417 2827 ipsius

415 2845 642 2898 abbatis,
719 2846 883 2896 Facta
917 2852 1099 2896 autem
1140 2842 1529 2895 deliberacione
1561 2859 1723 2911 super
1762 2842 1884 2906 hoc,
1929 2841 2125 2910 adjecit
2164 2842 2416 2894 dominus

416 2931 600 2983 abbaS.
642 2934 676 2959 ‘⁶
695 2930 838 2984 Quia
853 2948 951 2982 vos
971 2929 1144 2982 facitis
1170 2928 1598 2998 recognicionem
1627 2928 1772 2997 quod
1797 2927 2152 2997 personaliter
2177 2927 2417 2980 debeatis

415 3018 510 3083 ire,
537 3016 863 3085 sumptubus
903 3024 1086 3067 tamen
1125 3014 1345 3078 nostriS,
1395 3022 1450 3066 et
1488 3032 1589 3065 nos
1631 3031 1660 3065 e
1695 3012 1963 3065 contrario
2008 3012 2234 3064 dicimus
2273 3014 2417 3082 quod

415 3102 741 3173 sumptubus
768 3102 1016 3172 propriiS,
1043 3110 1097 3153 et
1117 3100 1457 3153 solummodo
1497 3099 1704 3151 ratione
1736 3106 2052 3168 sumptuum
2079 3099 2253 3168 agitur
2276 3099 2418 3151 inter

414 3207 516 3241 nos
542 3187 771 3258 questio,
813 3186 1036 3255 injungo
1062 3184 1217 3237 vobis
1243 3184 1299 3235 in
1325 3184 1431 3236 fide
1471 3202 1575 3253 qua
1611 3182 1831 3252 domino
1859 3183 1969 3252 regi
2013 3191 2068 3235 et
2107 3183 2240 3234 mihi
2266 3191 2417 3236 tene-

414 3275 565 3337 mini,
607 3281 670 3326 ut
702 3272 796 3326 tali
839 3272 923 3324 die
969 3271 1086 3323 sitis
1125 3289 1304 3323 coram
1356 3270 1577 3322 domino
1618 3288 1739 3339 rege
1790 3277 1846 3321 et
1895 3270 2012 3338 ejus
2064 3270 2308 3334 consilio,
2354 3278 2417 3322 ut

416 3358 713 3412 secundum
752 3356 957 3426 regium
985 3355 1221 3408 edictum
1257 3354 1466 3424 questio
1500 3354 1604 3407 ista
1643 3355 1785 3407 inter
1810 3373 1910 3407 nos
1938 3354 2273 3407 terminetur.
2343 3355 2417 3406 Et
