2774 3952
443 420 544 467 108
971 429 1327 466 οΗΒοΝιοοΝ
1356 428 1901 466 ΡΕΤΒοΒυΒοΕΝεΕ.

439 557 794 627 WrongherS‚
839 556 1102 610 Ricardus
1142 556 1287 608 filius
1333 553 1588 624 Hugonis
1629 554 1696 606 de
1738 554 2096 618 Thornhawe,
2134 554 2443 607 Willelmus

442 644 742 708 Horebore‚
787 643 1082 696 Nicholaus
1128 644 1360 708 Durant,
1404 641 1713 694 Willelmus
1763 641 1935 704 Deve,
1981 639 2145 709 Hugo
2193 641 2440 706 Smache,

77 710 380 765 (fol.0xii.r0.)
441 737 496 782 et
535 730 794 782 Ricardus
835 730 1036 794 Sethel,
1063 728 1205 799 capti
1232 737 1287 780 et
1312 727 1540 794 deltenti
1582 726 1638 778 in
1678 725 1899 796 prisona
1935 732 2122 778 nostra
2155 726 2222 778 de
2259 728 2440 797 Burgo

69 790 131 827 De
151 791 300 830 eodem.
441 816 612 868 sancti
649 815 794 868 Petri
835 834 934 886 pro
974 823 1147 867 morte
1171 814 1420 867 Wolnoti
1461 814 1527 866 de
1567 813 1960 882 Kempestona‚
2003 811 2150 863 unde
2189 813 2442 881 appellati

440 909 566 952 sunt
593 901 659 953 de
685 911 859 954 morte
884 901 973 953 illa
999 900 1124 954 odio
1151 908 1206 953 et
1243 899 1349 952 atia
1391 918 1460 951 an
1487 917 1551 951 eo
1578 899 1722 968 quod
1760 897 1887 950 inde
1913 896 2207 966 culpabiles
2235 897 2361 962 sint,
2387 907 2443 951 et

436 993 499 1038 tu
523 986 866 1056 inquisicioni
889 987 966 1038 illi
990 986 1219 1038 faciendi
1244 1003 1343 1055 pro
1369 1003 1433 1037 eo
1460 984 1606 1054 quod
1631 1000 1856 1053 corpora
1881 1000 2069 1034 eorum
2103 981 2242 1034 infra
2281 982 2443 1035 liber-

435 1078 602 1122 tatem
646 1070 854 1123 abbatis
882 1072 947 1123 de
975 1072 1156 1140 Burgo
1202 1071 1374 1123 sancti
1420 1069 1566 1122 Petri
1607 1069 1686 1120 in·
1708 1067 1927 1138 prisona
1952 1067 2212 1132 existunt,
2254 1086 2442 1137 super-

437 1156 637 1207 sederis
680 1156 787 1208 huc
812 1174 984 1226 usque
1025 1156 1080 1208 in
1122 1174 1309 1208 eorum
1354 1156 1651 1224 dampnum
1697 1154 1998 1207 maximum
2038 1161 2093 1204 et
2135 1166 2439 1222 gravamen,

435 1241 575 1292 sicut
600 1259 665 1293 ex
690 1250 842 1311 parte
867 1242 1163 1294 eorundem
1189 1241 1348 1293 nobis
1375 1250 1460 1293 est
1484 1250 1782 1293 ostensum.
1860 1239 2108 1308 Cumque
2134 1238 2299 1291 abbas
2319 1259 2441 1310 pre-

434 1325 610 1378 dictus
650 1327 717 1378 ad
757 1345 857 1379 nos
883 1327 1237 1397 postmodum
1265 1326 1566 1391 accesserit,
1611 1335 1667 1379 et
1710 1345 1891 1379 coram
1932 1325 2089 1377 nobis
2116 1333 2171 1378 et
2214 1327 2438 1380 consilio

431 1420 617 1463 nostro
646 1411 972 1464 sufficienter
1005 1412 1320 1476 ostenderit,
1362 1412 1507 1481 quod
1550 1412 1618 1463 ad
1660 1411 1841 1481 ipsum
1886 1410 2137 1463 abbatem
2180 1412 2440 1464 attachia-

431 1506 615 1550 menta
657 1497 975 1567 hujusmodi
1016 1497 1407 1566 appellatorum
1449 1497 1724 1566 pertinent
1739 1518 1754 1562 3
1795 1498 1914 1549 Nos
1957 1497 2204 1550 nolentes
2263 1498 2438 1551 eidem

431 1583 613 1635 abbati
639 1583 694 1634 in
721 1583 825 1636 hoc
861 1590 1013 1653 parte
1038 1582 1312 1652 injuriari3
1351 1582 1700 1652 precipimus,
1728 1583 1872 1652 quod
1893 1583 2173 1635 occasione
2197 1584 2438 1653 predicta

430 1688 542 1721 non
569 1669 833 1721 omittatis
875 1669 1004 1738 quin
1048 1668 1462 1738 inquisicionem
1487 1669 1782 1738 predictam
1828 1669 2008 1733 faciaS,
2035 1676 2090 1720 et
2133 1687 2250 1721 eam
2278 1670 2435 1723 nobis

429 1756 673 1808 remittas
723 1756 782 1808 in
830 1756 1003 1808 forma
1044 1755 1236 1824 prioris
1282 1754 1522 1806 mandati
1564 1756 1757 1819 nostri,
1809 1756 1956 1825 quod
1999 1755 2126 1808 inde
2166 1757 2434 1826 recepisti.

428 1841 590 1894 Teste
625 1842 832 1911 meipso
859 1842 1004 1911 apud
1044 1840 1612 1906 Westmonasterium‚
1653 1842 1780 1894 xvii.
1807 1842 1893 1894 die
1921 1841 2073 1911 May,
2118 1860 2259 1894 anno
2286 1846 2435 1913 regni

427 1926 599 1977 nostri
625 1927 809 1979 tercio.
875 1927 979 1979 Per
993 1925 1298 1978 Walterum
1316 1926 1631 1979 Roffensem
1659 1927 1973 1997 episcopum
2001 1946 2068 1980 ex
2092 1936 2245 1998 parte
2271 1930 2434 2001 Regis

426 2018 480 2062 et
506 2010 716 2062 consilii
742 2011 842 2063 sui.

498 2096 671 2148 Breve
700 2095 861 2165 Regis
888 2114 987 2166 pro
1014 2095 1240 2147 VVlnoto
1269 2094 1334 2146 de
1363 2095 1685 2149 Kemstona.

497 2182 800 2234 Edwardus
818 2182 924 2234 Dei
948 2181 1119 2251 gratia
1146 2189 1247 2234 etc.
1273 2181 1580 2234 vicecomiti
1601 2183 1997 2237 Norhamtonie
2016 2184 2262 2238 salutem.
2308 2187 2436 2241 Pre-

426 2268 653 2337 cipimus
680 2269 779 2321 tibi
805 2269 950 2338 quod
975 2276 1256 2320 returnum
1281 2267 1461 2320 brevis
1488 2268 1661 2321 nostri
1694 2269 1795 2322 tibi
1820 2288 1994 2340 nuper
2021 2271 2208 2324 directi
2235 2272 2301 2325 de
2327 2282 2434 2326 tra-

427 2353 604 2405 dendo
629 2353 686 2404 in
711 2353 968 2406 ballivum
995 2353 1032 2406 J
1036 2352 1306 2405 ohannem
1335 2352 1553 2418 Fauvel,
1577 2354 1870 2423 Hugonem
1888 2355 2107 2421 Fauvel,
2129 2356 2433 2411 Galfridum

428 2440 646 2504 Fauvel,
673 2449 727 2492 et
754 2441 1015 2509 quosdam
1043 2439 1174 2491 alios
1201 2439 1258 2490 in
1285 2439 1528 2508 predicto
1554 2438 1706 2492 brevi
1734 2448 1922 2493 nostro
1949 2443 2276 2509 nominatOS‚
2303 2454 2358 2497 et
2377 2446 2433 2498 in

425 2523 644 2592 prisona
669 2532 855 2575 nostra
881 2524 947 2576 de
969 2525 1152 2592 Burgo
1181 2523 1354 2574 sancti
1382 2524 1528 2575 Petri
1567 2543 1665 2593 pro
1693 2534 1868 2578 morte
1890 2525 2140 2580 Wolnoti
2161 2529 2227 2580 de
2264 2530 2434 2582 Kern-

425 2615 653 2676 pestona
679 2607 944 2672 detentOS,
970 2625 1069 2675 pro
1096 2606 1291 2675 quibus
1318 2607 1601 2674 inquisicio
1628 2626 1724 2676 per
1747 2618 2028 2662 returnum
2054 2611 2232 2664 brevis
2260 2616 2433 2666 nostri

427 2693 493 2745 de
521 2693 645 2745 odio
673 2682 728 2744 et
764 2700 889 2763 atya
922 2692 1022 2744 tibi
1063 2692 1252 2744 directi
1295 2709 1469 2760 nuper
1514 2693 1655 2744 facta
1698 2694 1819 2757 fuit,
1849 2702 1908 2746 ut
1949 2696 2161 2760 dicitur,
2188 2706 2243 2749 et
2268 2700 2430 2751 etiam

427 2779 669 2831 omnium
695 2778 922 2831 aliorum
963 2777 1208 2830 brevium
1234 2785 1544 2828 nostrorum
1586 2777 1889 2830 libertatem
1915 2779 2126 2833 abbatis
2153 2782 2219 2834 de
2246 2784 2429 2853 Burgo

428 2865 598 2917 sancti
627 2864 772 2917 Petri
814 2863 1170 2933 tangentium,
1195 2862 1405 2915 ballivis
1430 2862 1658 2932 predicti
1694 2863 1903 2916 abbatis
1931 2866 1997 2919 de
2021 2866 2267 2920 libertate
2311 2889 2433 2939 pre-

428 2951 570 3004 dicta
596 2952 660 3003 de
685 2951 854 3020 gratia
879 2959 1064 3004 nostra
1103 2950 1320 3020 speciali
1363 2950 1524 3002 facias
1559 2969 1731 3020 usque
1775 2951 1844 3003 ad
1887 2951 2214 3021 quindenam
2258 2958 2430 3009 sancti

427 3036 711 3089 Michaelis
761 3036 1007 3104 proximo
1051 3036 1306 3087 futuram.
1380 3035 1544 3088 Teste
1588 3036 1796 3106 meipso
1839 3037 1984 3106 apud
2027 3037 2429 3107 windesoram,

424 3122 534 3174 xxi.
562 3122 647 3174 die
674 3122 710 3174 J
713 3121 825 3187 ulii,
853 3139 996 3172 anno
1022 3120 1172 3190 regni
1197 3119 1370 3172 nostri
1394 3120 1573 3172 tertio·

499 3208 672 3261 Breve
700 3207 863 3276 Regis
889 3224 988 3276 pro
1013 3205 1357 3258 libertatibus
1386 3205 1573 3274 Burgi.

501 3293 623 3347 Rex
666 3291 979 3363 justiciariis
1031 3291 1142 3342 suis
1186 3289 1567 3342 itinerantibus
1617 3290 1675 3342 in
1725 3292 1987 3345 comitatu
2032 3294 2428 3350 Norhamtonie

427 3380 671 3434 salutem.
750 3377 892 3434 Quia
925 3376 1152 3432 dilectus
1191 3375 1349 3430 nobis
1387 3375 1445 3428 in
1473 3375 1692 3431 Christo
1731 3377 1897 3432 abbas
1925 3378 1991 3433 de
2032 3381 2216 3451 Burgo
2258 3383 2430 3436 sancti
