2774 3952
972 369 1325 406 onnomcoN
1357 370 1897 407 PETROBURGENSE.
2372 360 2429 405 21

441 491 574 544 lium
590 494 836 562 generale
864 495 1133 565 Lugduno
1154 496 1461 566 presidente
1477 515 1618 567 papa
1636 495 1899 565 Gregorio
1920 494 2012 547 X⁰.
2040 494 2134 546 ubi
2179 495 2441 547 decimam
2521 528 2524 531 -

443 578 685 630 omnium
711 579 978 633 bonorum
1013 582 1495 636 ecclesiasticorum
1539 602 1570 635 a
1616 583 1756 635 clero
1801 580 1971 633 totius
2017 579 2442 633 Christianitatis

441 680 538 732 per
564 682 658 716 sex
683 684 853 718 annos
889 667 1145 719 continue
1173 675 1460 738 sequentes
1489 667 1803 720 solvendam
1843 665 1900 717 in
1936 665 2239 717 subsidium
2281 667 2444 718 Terre

443 747 639 802 Sancte
676 751 820 804 idem
865 770 1004 821 papa
1042 752 1235 821 exegit.
1309 754 1386 804 Et
1427 751 1724 805 taxacionis
1768 751 1997 802 formam
2035 750 2092 802 in
2131 749 2290 802 bullis
2333 752 2443 803 suis

443 834 638 887 editam
667 855 763 906 per
788 837 1106 907 magistrum
1133 838 1481 890 Remundum
1509 838 1575 890 de
1602 835 1874 906 NogeriiS,
1901 844 1956 888 et
1974 837 2193 888 fratrem
2238 837 2275 889 J
2278 837 2445 888 ohan-

442 938 568 972 nem
613 921 679 973 de
719 922 1074 991 Derlingtona
1116 921 1509 991 predicatorem
1554 921 1695 974 dicte
1747 921 1954 973 decime
2004 930 2336 987 executoreS,
2387 923 2445 974 in

442 1005 692 1074 Angliam
730 1005 908 1070 misit;
960 1005 1048 1075 qui
1089 1006 1410 1059 auctoritate
1460 1007 1758 1077 apostolica
1808 1024 1999 1059 omnes
2048 1007 2283 1076 prelatos
2333 1015 2444 1059 tam

444 1090 725 1159 episcopos
751 1106 912 1159 quam
938 1090 1070 1142 alios
1091 1091 1159 1142 ad
1179 1099 1572 1144 sacramentum
1591 1092 1883 1161 juramenti
1907 1094 2258 1161 prestandum
2287 1111 2448 1162 super

443 1176 665 1228 veritate
691 1175 914 1228 dicenda
939 1176 1005 1228 de
1030 1195 1158 1229 vero
1183 1177 1362 1230 valore
1402 1177 1671 1230 bonorum
1699 1196 1919 1231 suorum
1961 1178 2352 1248 conpulerunt3
2392 1186 2447 1231 et

443 1261 743 1314 nolentium
791 1263 970 1330 jurare
1006 1262 1150 1314 bona
1208 1271 1530 1316 taxaverunt
1582 1281 1682 1333 pro
1726 1264 2004 1316 voluntate
2054 1283 2167 1316 sua.
2242 1265 2318 1316 Et
2371 1265 2447 1317 sic

443 1355 761 1400 taxaverunt
783 1347 927 1401 bona·
947 1348 1250 1417 spectancia
1267 1349 1394 1419 huic
1412 1349 1598 1402 domui
1622 1349 1690 1401 ad
1718 1347 1822 1401 Mle
1842 1347 1967 1402 Mle.
1993 1368 2216 1402 mareas,
2276 1350 2446 1417 Cujus

445 1433 651 1486 decima
688 1434 791 1486 fuit
834 1433 1074 1504 quolibet
1098 1453 1241 1487 anno
1280 1451 1388 1488 .cc.
1415 1453 1634 1487 marce.-
1684 1435 1760 1486 Et
1783 1435 2202 1488 irrotulaverunt
2240 1444 2447 1487 tantam

446 1538 731 1572 summam.
809 1520 979 1590 Cujus
1005 1520 1400 1573 irrotulacionis
1427 1519 1811 1589 transcriptum
1840 1528 1922 1573 est
1940 1521 2061 1573 hoc.

519 1606 936 1658 Memorandum
963 1606 1109 1676 quod
1134 1625 1276 1658 anno
1302 1605 1528 1658 Domini
1555 1606 1890 1658 ‚Mocclxxv⁰.
1919 1606 2004 1659 die
2044 1606 2252 1659 sabbati
2278 1609 2450 1677 prima

443 1691 644 1744 mensis
695 1691 990 1756 Februarii,
1038 1692 1457 1761 investigacione
1501 1691 1832 1761 precedenti,
1882 1692 2255 1745 estimavimus
2305 1693 2448 1747 bona

444 1777 625 1830 omnia
663 1785 776 1830 tam
821 1777 1119 1847 spiritualia
1163 1796 1324 1846 quam
1368 1777 1685 1846 temporalia
1725 1777 1935 1829 abbatis
1962 1785 2018 1830 et
2043 1787 2344 1831 conventus
2384 1781 2449 1832 de

444 1863 625 1933 Burgo
671 1863 841 1916 sancti
893 1863 1038 1915 Petri
1077 1863 1358 1915 Lincolnie
1402 1863 1647 1927 diocesis.
1691 1863 1744 1915 in
1793 1863 2074 1917 Lincolnie
2115 1874 2169 1916 et
2218 1864 2451 1917 Eboraci

444 1949 747 2002 diocesibus
773 1949 1081 2015 existencia,
1109 1949 1406 2002 secundum
1449 1967 1636 2002 verum
1663 1949 1900 2002 valorem
1936 1950 2004 2002 ad
2031 1946 2137 2001 Mle
2163 1948 2285 2002 Mle,
2311 1968 2448 2002 mar-

452 2055 575 2100 cas;
617 2036 761 2088 unde
788 2036 1052 2088 decimam
1080 2052 1186 2088 ,σα
1215 2053 1419 2087 marcas
1448 2035 1662 2087 solvant
1687 2035 1831 2103 apud
1858 2035 2216 2088 Lincolniam.

520 2122 646 2173 Hoc
666 2139 806 2172 anno
822 2121 982 2173 rediit
1008 2121 1260 2172 dominus
1281 2120 1580 2172 Edwardus
1608 2118 1674 2172 de
1700 2120 1943 2188 partibus
1968 2121 2130 2173 Terre
2158 2121 2370 2186 Sancte,
2396 2129 2452 2174 et

449 2214 733 2259 coronatus
748 2206 852 2258 fuit
868 2206 1136 2258 dominica
1151 2213 1277 2274 post
1292 2205 1727 2275 assumpcionem
1745 2205 1901 2257 beate
1919 2205 2094 2259 Marie
2112 2208 2256 2276 apud
2269 2207 2444 2260 West-

449 2292 835 2345 monasterium
862 2291 1308 2344 convenientibus
1345 2291 1546 2343 ibidem
1587 2290 1840 2342 omnibus
1873 2292 2213 2360 magnatibus
2238 2294 2449 2363 Anglie,

170 2382 429 2431 Homagium.
451 2387 507 2432 et
531 2379 714 2431 multis
740 2378 872 2430 aliis.
947 2377 1219 2429 Dominus
1247 2376 1519 2429 Robertus
1546 2376 1612 2428 de
1639 2376 1854 2429 Nevilla
1878 2376 2006 2429 feeit
2023 2377 2353 2446 homagium.

214 2477 430 2516 Mocelxxv.
526 2466 652 2518 Hoc
700 2481 841 2516 anno
891 2470 1018 2532 post
1066 2463 1265 2514 festum
1311 2462 1475 2514 Pasce
1527 2454 1780 2513 dominus
1831 2480 1924 2514 rex
1974 2464 2336 2533 promulgavit
2393 2464 2450 2516 in

449 2552 799 2623 parliamento
827 2567 925 2601 suo
951 2548 1095 2618 apud
1134 2547 1446 2600 Londonias
1488 2547 1745 2616 quasdam
1784 2548 2122 2617 provisiones
2163 2560 2218 2602 et
2252 2552 2452 2603 consti-

448 2638 686 2690 tutiones
712 2635 814 2688 toti
839 2652 1003 2704 regno
1040 2634 1200 2686 utiles
1226 2641 1281 2686 et
1306 2633 1653 2698 necessariaS,
1677 2641 1741 2685 ut
1775 2634 2069 2687 dicebatur.
2144 2636 2220 2687 Et
2246 2654 2451 2689 memo-

450 2724 676 2776 randum
721 2721 867 2791 quod
916 2721 984 2772 ad
1034 2720 1239 2772 dictum
1282 2719 1695 2788 parliamentum
1740 2738 1919 2772 coram
1965 2720 2187 2774 domino
2236 2740 2358 2790 rege
2397 2730 2453 2775 et

450 2808 673 2862 consilio
700 2826 797 2859 suo
834 2806 1099 2858 declarata
1140 2804 1244 2856 fuit
1286 2804 1505 2858 libertas
1550 2805 1755 2857 domini
1795 2804 2003 2857 abbatis
2030 2815 2086 2858 et
2109 2806 2359 2859 roborata
2385 2808 2451 2861 de

102 2900 202 2955 (fol.
225 2904 333 2942 lxxx.
353 2905 429 2956 00.)
451 2894 668 2964 prisona
680 2892 929 2945 habenda
944 2891 1088 2960 apud
1109 2891 1351 2959 Burgum
1370 2889 1457 2941 vel
1472 2888 1598 2941 alibi
1616 2889 1754 2940 infra
1770 2889 2092 2955 libertatem,
2118 2895 2244 2962 sque
2271 2893 2449 2945 minus

451 2980 588 3032 bene
629 2980 767 3031 forte
806 2995 903 3047 per
934 2976 1195 3028 incuriam
1220 2975 1308 3029 vel
1340 2974 1704 3044 ignoranciam
1740 2975 2060 3029 ballivorum
2105 2997 2135 3029 a
2173 2980 2450 3031 retroactis

451 3065 786 3134 temporibus
823 3082 921 3114 usa
957 3062 1061 3114 fuit
1108 3070 1163 3114 et
1206 3069 1431 3113 servata.
1539 3062 1614 3112 Et
1651 3069 1871 3131 propter
1904 3063 2007 3114 hoc
2044 3062 2102 3114 in
2137 3065 2450 3116 memoriam

452 3150 755 3202 futurorum
804 3167 958 3201 casus
1007 3147 1096 3199 hic
1143 3146 1414 3198 inseritur.
1503 3145 1579 3197 Et
1621 3145 1726 3197 fuit
1774 3164 1929 3198 casus
1979 3147 2119 3199 talis.
2216 3149 2450 3202 Quidam

455 3233 676 3286 clericus
713 3234 966 3304 magister
1007 3232 1276 3285 Henricus
1320 3231 1587 3301 Sampson
1629 3230 1868 3295 nomine,
1912 3231 2116 3284 habens
2161 3240 2354 3284 terram
2396 3241 2451 3284 et

455 3326 823 3372 tenementum
849 3319 903 3371 in
929 3319 1054 3372 villa
1079 3319 1146 3372 de
1170 3317 1472 3386 Witeringa
1509 3317 1576 3370 de
1616 3317 1775 3370 feodo
1805 3317 2054 3386 Hugonis
2083 3317 2256 3382 Ridel,
2280 3317 2452 3369 voluit
