2774 3952
53 755 299 806 Thingdene.

48 1520 280 1560 Craneford.

51 2970 296 3020 Adingtona.

954 433 1307 470 cnaochN
1340 433 1885 470 PETROBURGENSE.
2326 424 2428 470 ΙΙΙ

422 560 604 612 venire
649 559 717 612 ad
759 559 938 612 visum
976 560 1202 625 abbatis,
1230 561 1326 614 sed
1351 561 1557 613 faciunt
1580 560 1758 613 visum
1785 561 1854 612 ad
1897 566 2119 612 turnum
2167 559 2427 613 Beatricis

422 646 753 717 Malemeyn,
780 665 883 716 que
909 646 1073 699 habet
1097 647 1275 699 visum
1301 648 1544 699 francum
1570 656 1633 699 ut
1659 647 1872 700 dicitur.

495 733 738 784 Feodum
765 731 973 784 abbatis
1001 733 1067 785 de
1097 733 1313 803 Soleby,
1340 734 1494 804 cujus
1520 733 1928 802 predecessores
1957 730 2204 783 solebant
2229 732 2430 784 venire.

492 820 729 871 Thomas
756 819 900 871 filius
929 818 1202 888 Radulphi
1230 818 1512 871 consuevit
1536 818 1737 883 venire,
1763 818 1919 888 cujus
1947 826 2117 869 terras
2145 818 2182 871 J
2187 818 2428 872 ohannes

420 905 476 956 in
504 904 755 957 salicibus
782 911 949 956 tenet.

493 990 717 1060 Egidius
745 990 812 1042 de
845 988 1162 1059 'Phingdene
1197 988 1481 1041 consuevit
1505 988 1707 1054 venire,
1748 988 1904 1059 cujus
1942 996 2112 1042 ‘cerras
2147 990 2184 1043 J
2189 990 2429 1044 ohannes

422 1077 574 1130 Giles
601 1083 766 1129 tenet.

495 1165 659 1233 Hugo
704 1163 1028 1233 Bywestone
1066 1160 1350 1214 consuevit
1373 1161 1575 1227 venire,
1602 1162 1756 1231 cujus
1782 1169 1951 1214 terras
1990 1162 2274 1216 Johannes
2317 1165 2430 1235 By-

419 1257 657 1301 westone
683 1255 850 1317 tenet.

493 1335 643 1387 Simo
694 1334 824 1386 Hok
869 1331 1151 1386 consuevit
1194 1331 1395 1397 venire,
1441 1332 1596 1401 cujus
1636 1339 1806 1384 terras
1845 1331 2088 1386 Wimarc
2131 1351 2269 1386 uxor
2312 1336 2430 1404 ejus

418 1430 587 1474 tenet.

492 1508 560 1559 In
590 1505 902 1559 Craneford.
980 1505 1145 1574 Hugo
1180 1504 1246 1556 de
1270 1503 1401 1556 Acle
1439 1503 1723 1556 consuevit
1758 1503 1961 1568 venire,
2005 1503 2098 1573 qui
2135 1504 2311 1557 adhuc
2337 1524 2430 1557 su-

416 1602 627 1664 perstes
654 1601 754 1645 est.

489 1679 751 1731 Ricardus
776 1678 827 1731 le
854 1678 992 1730 Poer
1016 1675 1298 1729 consuevit
1320 1675 1522 1740 venire,
1542 1676 1697 1746 cujus
1723 1684 1893 1729 terras
1916 1675 2190 1728 Walterus
2215 1676 2266 1728 le
2293 1677 2433 1730 Poer

417 1772 586 1818 tenet.

490 1851 752 1904 Ricardus
779 1849 1127 1919 Blundspure
1153 1848 1435 1901 consuevit
1459 1847 1661 1912 venire,
1687 1848 1779 1918 qui
1805 1849 1982 1901 adhuc
2010 1858 2284 1918 superstes
2311 1858 2412 1902 est.

491 1937 640 1989 Elias
661 1944 925 1988 mercator
949 1934 1100 1987 tenet
1121 1933 1390 2003 quandam
1410 1940 1621 2002 partem
1646 1941 1786 1985 terre
1814 1951 1917 2002 que
1936 1933 2157 1985 fuerunt
2178 1933 2431 2002 Hugonis

421 2025 488 2077 de
513 2024 662 2087 Acle,
690 2023 781 2092 qui
807 2021 1092 2074 consuevit
1115 2019 1319 2072 venire.

492 2109 798 2161 Willelmus
827 2107 1093 2175 Franceys
1114 2102 1399 2156 consuevit
1418 2102 1620 2168 venire,
1641 2103 1795 2171 cujus
1821 2111 1990 2156 terras
2016 2103 2165 2156 Elias
2192 2103 2258 2157 de
2276 2104 2430 2157 Peito

421 2202 477 2246 et
500 2193 608 2245 filie
636 2193 766 2245 dicti
791 2191 1054 2244 Willelmi
1080 2197 1285 2243 tenent.

492 2279 737 2332 Andreas
779 2278 929 2330 Pitot
972 2275 1256 2329 consuevit
1302 2274 1504 2339 venire,
1548 2275 1702 2344 cujus
1747 2284 1914 2328 terras
1959 2275 2232 2329 Robertus
2281 2277 2431 2330 Pitot

419 2373 587 2419 tenet.

494 2451 765 2504 Robertus
792 2450 859 2501 ad
883 2450 933 2500 le
962 2449 1053 2500 Ho
1079 2446 1363 2501 consuevit
1387 2446 1588 2510 venire,
1613 2446 1707 2515 qui
1732 2447 1909 2499 adhuc
1935 2455 2211 2516 superstes
2237 2455 2340 2499 est.

493 2538 736 2607 Rogerus
763 2536 829 2588 de
852 2535 903 2587 le
931 2534 1024 2587 Ho
1051 2533 1332 2587 consuevit
1371 2531 1570 2596 venire,
1609 2533 1764 2602 cujus
1790 2540 1958 2585 terras
1976 2533 2153 2602 -Hugo
2180 2532 2432 2603 Dandely

420 2629 589 2675 tenet.

491 2707 798 2760 Willelmus
850 2705 1125 2775 Frimpere
1175 2703 1458 2757 consuevit
1506 2702 1709 2767 venire,
1751 2703 1906 2773 cujus
1952 2710 2122 2755 terras
2166 2701 2432 2755 Vivianus

421 2792 697 2862 Frimpere
723 2799 890 2844 tenet.

491 2877 712 2930 Debent
735 2876 917 2929 venire
942 2893 1039 2944 per
1063 2894 1235 2926 unum
1260 2875 1543 2944 capitalem
1570 2872 1970 2926 decennarium.

493 2963 562 3016 In
589 2963 903 3032 Adingtona
927 2960 1228 3013 Mauricius
1267 2959 1519 3029 Dandely
1545 2957 1827 3012 consuevit
1851 2957 2052 3024 venire,
2079 2958 2235 3027 cujus
2263 2967 2430 3011 terras

421 3049 658 3113 Beatrix‚
685 3066 789 3119 que
814 3047 920 3100 fuit
943 3065 1081 3099 uxor
1110 3045 1395 3110 Willelmi,
1423 3053 1591 3097 tenet.

492 3134 529 3187 J
533 3134 772 3186 ohannes
823 3133 1088 3204 Kymyun
1147 3131 1430 3184 consuevit
1478 3130 1678 3196 venire,
1729 3130 1884 3199 cujus
1935 3137 2103 3182 terras
2157 3129 2430 3182 Henricus

422 3220 682 3289 Kymyun
707 3227 872 3272 tenet.

490 3303 796 3356 Willelmus
832 3303 975 3356 filius
1014 3302 1240 3361 Roberti
1279 3302 1440 3356 Pikot
1477 3301 1760 3355 consuevit
1783 3301 1984 3366 venire,
2011 3299 2103 3369 qui
2128 3299 2303 3351 adhuc
2340 3316 2430 3350 su-

419 3398 626 3460 perstes
653 3397 754 3442 est.
