2774 3952
73 693 176 730 Item
196 693 270 729 hoc
288 703 406 730 anno.

69 1131 134 1168 De
154 1132 309 1168 decima

73 1186 313 1224 venacionis.

73 2680 175 2717 Item
195 2680 270 2716 hoc
289 2690 408 2715 anno.

77 3034 179 3071 Item
199 3033 272 3070 hoc
291 3043 408 3069 anno.

80 3273 182 3310 Item
201 3273 274 3310 hoc
294 3284 413 3311 ann0.

442 467 511 513 34
972 475 1326 511 0113οΝ10οΝ
1358 476 1901 512 PETROBURGENSE.

515 604 689 655 Breve
716 601 920 654 domini
946 603 1082 672 regis
1109 619 1206 671 pro
1235 600 1442 655 decima
1466 601 1775 653 venacionis
1800 601 2064 654 habenda.

513 690 724 742 Eodem
750 697 991 757 tempore
1031 687 1188 757 petiit
1222 687 1472 740 dominus
1506 686 1671 738 abbas
1702 686 1966 738 Ricardus
1993 686 2253 739 decimam
2279 703 2443 738 vena-

442 775 611 827 cionis
638 782 792 844 capte
831 774 888 826 in
914 773 1172 826 comitatu
1216 773 1271 824 Ν
1274 771 1629 836 orhamtonie,
1664 789 1823 840 quam
1866 770 2062 823 habere
2106 769 2266 822 debet
2306 771 2445 823 sicut

442 869 584 914 carte
622 861 855 930 plurium
893 879 1079 929 regum
1105 859 1298 928 Anglie
1329 866 1614 922 testantur,
1648 866 1703 910 et
1740 857 1926 909 habito
1966 874 2125 924 super
2163 857 2267 908 hoc
2305 856 2445 908 inter

441 947 579 1016 regis
597 945 923 998 consiliarios
945 945 1187 1014 diligenti
1206 951 1437 995 tractatu
1462 942 1840 994 transmissum
1868 951 1952 995 est
1977 941 2197 994 domino
2215 941 2444 994 Ricardo

445 1032 511 1084 de
540 1031 814 1083 Holebroc
839 1039 968 1083 tunc
995 1030 1286 1083 senescallo
1311 1030 1508 1082 foreste
1533 1028 1695 1081 breve
1722 1028 2104 1098 subscriptum.

522 1117 854 1169 Monstravit
891 1116 1051 1168 nobis
1096 1115 1323 1167 dilectus
1363 1114 1522 1167 nobis
1552 1113 1858 1173 imChristo
1897 1113 2160 1166 Ricardus
2183 1111 2351 1184 *abbas
2378 1112 2445 1164 de

447 1203 630 1271 Burgo
658 1201 829 1254 sancti
856 1201 1019 1265 Petri,
1046 1201 1190 1270 quod
1216 1218 1337 1252 cum
1363 1199 1480 1269 ipse
1517 1217 1614 1268 per
1656 1207 1828 1251 cartas
1871 1199 2278 1269 progenitorum
2318 1216 2445 1250 nos-

442 1296 648 1339 trorum
674 1305 860 1355 regum
885 1286 1080 1355 Anglie
1105 1285 1303 1338 habere
1330 1285 1540 1350 debeat,
1567 1293 1622 1337 et
1657 1285 1773 1354 ipse
1813 1293 1870 1338 et
1907 1286 2314 1355 predecessores
2360 1285 2445 1337 sui

441 1371 662 1424 abbates
705 1371 810 1423 loci
850 1371 1079 1440 predicti
1128 1370 1328 1424 habere
1372 1379 1791 1436 consueverunt,
1831 1371 2095 1424 decimam
2133 1371 2443 1424 venacionis

439 1465 623 1510 nostre
649 1465 804 1526 capte
829 1456 885 1508 in
913 1457 1166 1510 omnibus
1192 1457 1408 1510 forestis
1435 1456 1636 1510 nostris
1661 1457 1800 1510 infra
1826 1459 2145 1511 comitatum
2172 1458 2444 1510 Norham-

438 1544 606 1608 tonie‚
656 1543 873 1613 quidam
924 1543 991 1595 de
1039 1543 1241 1597 nostris
1287 1562 1353 1596 ex
1391 1551 1543 1613 parte
1592 1551 1779 1597 nostra
1829 1545 2092 1597 decimam
2129 1545 2445 1614 hujusmodi

438 1629 747 1682 venacionis
774 1647 947 1698 nuper
971 1630 1028 1681 in
1054 1629 1259 1682 eisdem
1284 1629 1501 1682 forestis
1539 1637 1695 1699 capte
1720 1630 1963 1700 predicto
1990 1630 2172 1683 abbati
2198 1630 2444 1683 detinent

439 1716 497 1768 in
521 1716 692 1786 ipsius
720 1723 774 1767 et
800 1715 1020 1767 ecclesie
1049 1733 1144 1768 sue
1164 1715 1521 1785 prejudicium
1539 1724 1594 1768 et
1609 1735 1915 1785 gravamen.
1990 1718 2256 1771 Nolentes
2282 1717 2445 1786 igitur

439 1802 614 1854 eidem
641 1801 823 1853 abbati
866 1801 1124 1871 injuriari,
1151 1801 1309 1853 vobis
1354 1801 1675 1853 mandamus
1719 1803 1867 1871 quod
1908 1822 2005 1872 per
2048 1811 2442 1856 sacramentum

439 1896 551 1940 tam
577 1887 982 1940 forestariorum
999 1895 1054 1940 et
1069 1886 1447 1940 viridariorum
1473 1888 1716 1956 parcium
1742 1889 1953 1940 illarum
1973 1889 2156 1959 [quam
2182 1889 2434 1959 aliorum]

438 2059 559 2111 sciri
584 2059 801 2128 poterit,
830 2059 1110 2128 diligenter
1146 2059 1425 2128 inquiratis
1465 2067 1649 2112 utrum
1689 2061 1962 2129 predictus
1989 2061 2154 2113 abbas
2181 2062 2442 2115 decimam

437 2144 675 2214 predicte
717 2144 1025 2210 venacionis
1069 2143 1266 2196 habere
1311 2144 1521 2210 debeat,
1555 2152 1611 2197 et
1653 2146 1770 2215 ipse
1810 2154 1865 2198 et
1902 2147 2307 2215 predecessores
2360 2149 2444 2200 sui

437 2230 665 2298 predicti
708 2249 827 2283 eam
871 2229 1068 2282 habere
1113 2229 1494 2282 consueverint
1534 2229 1674 2282 sicut
1713 2230 1845 2283 dicit
1887 2250 1986 2283 nec
2012 2250 2111 2296 ne3
2156 2241 2212 2285 et
2237 2233 2282 2284 si
2325 2251 2442 2286 eam

437 2315 634 2368 habere
661 2316 854 2368 debeat
878 2323 934 2368 et
958 2315 1314 2380 consueverit,
1340 2323 1472 2368 tunc
1497 2334 1528 2367 a
1553 2334 1660 2385 quo
1689 2324 1935 2387 tempore
1972 2318 2213 2387 predicta
2238 2319 2446 2372 decima

441 2401 543 2452 sibi
571 2401 788 2452 detenta
807 2409 908 2465 est,
924 2409 979 2452 et
995 2418 1092 2470 per
1112 2418 1247 2469 quos
1266 2407 1322 2452 et
1347 2419 1453 2469 qua
1470 2400 1703 2454 racione.
1778 2403 1855 2454 Et
1879 2403 2291 2473 inquisicionem
2316 2405 2443 2458 inde

443 2486 695 2538 distincte
722 2493 777 2537 et
801 2493 984 2555 aperte
1009 2486 1205 2536 factam
1240 2484 1398 2536 nobis
1426 2484 1526 2536 sub
1554 2485 1726 2554 sigillo
1752 2496 1933 2540 vestro
1961 2497 2016 2540 et
2045 2489 2230 2559 sigillis
2256 2509 2443 2543 eorum

441 2589 538 2639 per
553 2589 688 2639 quos
707 2571 846 2622 facta
861 2570 1023 2621 fuerit
1040 2569 1153 2621 sine
1172 2569 1432 2621 dilacione
1453 2568 1681 2622 mittatis
1699 2579 1754 2623 et
1771 2573 1875 2625 hoc
1892 2573 2072 2626 breve.
2133 2575 2313 2639 Teste,
2341 2586 2443 2629 etc.

515 2656 619 2708 Die
636 2657 792 2708 Lune
811 2656 1056 2724 proxima
1075 2662 1199 2707 ante
1215 2655 1413 2706 festum
1437 2655 1608 2707 sancti
1626 2656 1834 2709 Thome
1860 2659 2109 2726 apostoli,
2124 2661 2444 2713 venerabilis

440 2749 595 2811 pater
633 2741 893 2794 Ricardus
934 2740 1215 2793 Lincolnie
1253 2739 1541 2809 episcopus
1578 2740 1688 2793 vite
1721 2743 1987 2810 presentis
2031 2762 2247 2796 cursum
2298 2764 2445 2798 com-

440 2827 610 2897 plevit
633 2829 689 2878 in
726 2833 1005 2878 senectute
1041 2825 1202 2890 bona,
1241 2844 1383 2878 anno
1407 2825 1756 2895 pontificatus
1782 2826 1952 2896 ipsius
1977 2828 2232 2881 vicesimo
2260 2831 2443 2895 tercio,

442 2920 498 2965 et
523 2913 608 2966 die
635 2913 876 2981 ejusdem
905 2911 1076 2964 sancti
1100 2911 1158 2963 in
1183 2911 1407 2964 ecclesia
1431 2910 1713 2963 Lincolnie
1737 2911 2111 2964 venerabiliter
2135 2914 2407 2982 sepelitur.

514 2997 621 3049 Die
642 2996 839 3048 Martis
865 2995 1110 3065 proxima
1135 3004 1261 3065 post
1285 2997 1483 3050 festum
1501 2996 1888 3067 purificationis
1907 2997 2063 3049 beate
2078 2998 2314 3068 Virginis
2331 3018 2443 3051 ma-

443 3082 608 3153 gister
634 3081 886 3134 Oliverus
914 3081 980 3133 de
1008 3080 1258 3146 Suttona,
1287 3082 1540 3134 Decanus
1579 3081 1861 3134 Lincolnie
1887 3082 2125 3146 ecclesie,
2150 3083 2207 3134 in
2234 3084 2440 3153 episco-

445 3186 578 3238 pum
603 3168 846 3237 ejusdem
872 3167 1072 3218 electus
1099 3174 1199 3218 est.

517 3253 871 3306 Venerandus
921 3259 1074 3321 pater
1122 3251 1158 3305 J
1163 3252 1405 3306 ohannes
1456 3253 1523 3306 de
1574 3252 1836 3305 Chishille
1875 3251 2182 3322 Episcopus
2220 3254 2442 3307 Londo-

445 3339 656 3392 niarum
707 3338 847 3390 diem
899 3336 1091 3389 clausit
1139 3345 1460 3403 extremum,
1526 3338 1615 3391 cui
1673 3337 1932 3390 successit
1968 3337 2221 3406 magister
2259 3339 2442 3392 Ricar-

447 3425 549 3477 dus
576 3424 643 3476 de
671 3423 1074 3488 Graveshende‚
1110 3423 1202 3493 qui
1226 3432 1357 3477 tunc
1376 3425 1485 3478 fuit
1508 3424 1912 3478 archidiaconus
1939 3423 2350 3478 Norhamtonie.
2400 3490 2409 3496 χ
