2774 3952
87 1105 189 1159 (foc.
205 1119 244 1145 cc.
266 1108 339 1157 ro.)

90 2132 194 2182 (soc.
213 2145 252 2172 x.
271 2133 348 2183 vo.)

92 3221 191 3272 (foc.
211 3219 274 3260 ωε.
294 3221 370 3271 ψ.)

1285 449 1616 485 ΑΡΡΕΝῡιΧ.
2350 439 2453 486 165
2482 486 2487 491 ,

456 573 536 612 .vii.
555 573 720 611 bovatis.
779 572 903 612 Suein
925 586 982 613 .x.
1002 587 1074 624 pro
1096 576 1168 614 .iii.
1189 576 1352 615 bovatis.
1408 577 1461 615 Et
1487 577 1560 614 filii
1587 576 1743 615 Tocche
1770 588 1842 626 pro
1862 577 1932 615 .iii.
1954 577 2104 614 bovatis
2131 581 2172 614 et
2199 576 2367 614 dimidia
2387 577 2460 616 .iii.

453 641 611 679 solidos.
671 641 894 680 Rodbertus
911 644 1025 682 miles
1042 656 1114 693 pro
1135 644 1204 683 .iii.
1224 645 1375 682 bovatis
1396 657 1449 684 .v.
1470 645 1629 684 solidos.
1688 645 1873 694 Paganus
1899 644 2092 694 presbiter
2118 656 2190 693 pro
2211 644 2271 683 .ii.
2294 645 2459 691 bovatis‚

458 709 523 747 .vi.
542 709 697 748 solidos.
753 709 806 747 Et
824 710 880 747 ibi
898 715 992 748 sunt
1013 711 1071 749 .ii.
1087 710 1317 748 molendina
1335 715 1375 749 et
1393 712 1570 749 reddunt
1591 724 1673 750 .xx.
1694 712 1854 751 solidos.
1913 711 2071 750 Harcer
2089 712 2139 749 de
2169 711 2348 748 Lincolia
2370 713 2457 749 ,xii.

453 775 611 814 solidos.
666 775 846 813 Askillus
871 777 1042 825 piscator
1071 777 1156 815 .xii.
1183 777 1380 816 denarios.
1438 778 1492 815 Et
1510 778 1553 815 in
1571 777 1676 827 Torp
1696 782 1790 815 sunt
1811 778 1878 816 .vi.
1899 779 2050 816 bovatae
2069 784 2198 824 terrae,
2218 790 2307 826 quae
2327 778 2459 815 reddi-

455 845 602 883 derunt
622 845 688 883 .xl.
707 845 866 892 solidos,
888 846 956 883 sed
981 846 1107 883 nichil
1134 846 1252 884 modo
1279 859 1352 896 pro
1378 847 1418 884 vi
1438 847 1689 894 vicecomitis,
1711 847 1782 896 qui
1801 859 1866 884 eas
1883 845 2044 884 saisivit.
2104 845 2158 882 Et
2176 845 2219 881 in
2238 845 2349 882 curia
2366 851 2461 883 sunt

457 913 543 952 .iiii.
563 926 736 951 carrucae
756 914 806 951 de
827 915 969 953 .xxiiii.
989 916 1130 962 bobus,
1147 920 1187 953 et
1208 916 1264 954 .ii.
1284 916 1448 964 bovarii‚
1465 916 1536 965 qui
1554 921 1693 954 tenent
1706 928 1763 955 .x.
1783 928 1907 963 acras,
1927 919 1967 953 et
1985 926 2128 952 uxores
2146 926 2283 952 eorum
2297 919 2461 952 ventant

452 981 618 1019 bladum
636 982 756 1020 curiae
776 983 938 1031 quando
957 982 1142 1020 dominus
1160 984 1215 1021 eis
1233 984 1427 1033 praecipit.
1484 984 1548 1021 Ibi
1567 989 1660 1022 sunt
1681 984 1740 1024 .ii.
1760 996 1881 1032 aurae,
1902 988 1941 1021 et
1962 983 2027 1022 .vi.
2049 994 2178 1020 vaccae
2197 994 2291 1020 cum
2310 982 2459 1031 vitulis,

453 1056 493 1089 et
514 1051 557 1088 .i.
577 1055 727 1097 taurus,
746 1054 786 1088 et
806 1062 888 1088 .xx.
909 1051 1031 1099 porci,
1051 1055 1091 1089 et
1109 1063 1149 1090 x.
1167 1051 1347 1101 porcelli,
1369 1056 1408 1090 et
1427 1052 1510 1090 xvi.
1531 1065 1637 1091 oves·

475 1115 482 1169 Ι
508 1118 558 1155 Ιιι
578 1117 867 1167 Gosberchirge
885 1123 979 1156 sunt
999 1119 1072 1157 .iii.
1092 1124 1306 1157 carrucatae
1326 1125 1440 1158 terrae
1463 1120 1515 1158 ad
1533 1121 1698 1170 geldum
1729 1120 1860 1171 Regis.
1921 1120 1974 1158 Et
1991 1120 2049 1157 ibi
2067 1123 2162 1157 sunt
2182 1119 2269 1157 .xii.
2290 1119 2459 1168 plenarii

452 1186 603 1224 villani.
662 1186 715 1224 Et
742 1186 807 1224 isti
833 1186 984 1224 habent
1003 1187 1068 1225 .vi.
1090 1200 1287 1235 carrucas,
1319 1192 1358 1226 et
1388 1189 1483 1226 inde
1510 1193 1625 1227 arant
1646 1189 1785 1228 xxiiii.
1813 1201 1923 1226 acras
1950 1201 2023 1238 per
2048 1199 2217 1234 annum,
2238 1192 2278 1225 et
2307 1187 2461 1224 faciunt

450 1255 695 1303 operationes
720 1255 941 1292 secundum
968 1255 1134 1294 modum
1153 1256 1272 1295 villae.
1330 1256 1385 1294 Et
1406 1257 1501 1295 .viii.
1522 1257 1698 1294 bordarii
1717 1257 1788 1306 qui
1813 1257 1967 1294 faciunt
1997 1255 2347 1294 consuetudinem.
2407 1254 2461 1292 Et

450 1323 619 1371 plenarii
637 1323 720 1362 .xii.
742 1323 879 1360 villani
892 1335 990 1362 'cum
1009 1325 1203 1362 bordariis
1221 1325 1399 1363 reddunt
1417 1337 1488 1375 per
1511 1338 1664 1363 annum
1683 1326 1811 1365 .xxxi-
1834 1325 1992 1372 solidos,
2012 1329 2052 1362 et
2074 1324 2226 1363 .xxviii.
2248 1323 2402 1360 modios
2420 1327 2460 1360 et

452 1389 663 1427 dimidium
690 1389 781 1428 salis
807 1401 879 1439 per
905 1401 1072 1428 annum.
1129 1391 1181 1428 In
1205 1392 1318 1429 curia
1344 1396 1438 1430 sunt
1459 1392 1547 1431 .iiii.
1568 1393 1700 1443 boves,
1721 1397 1762 1430 et
1779 1392 1855 1431 *.iii.
1878 1403 2022 1439 vaccae,
2043 1403 2135 1428 cum
2162 1390 2309 1437 vitulis,
2329 1395 2369 1427 et
2389 1389 2458 1428 .vi.

451 1468 556 1494 oves.

505 1524 556 1561 In
575 1523 764 1562 Waltona
782 1529 876 1563 sunt
895 1525 952 1564 .ii.
973 1525 1079 1563 hidae
1099 1531 1139 1564 et
1160 1526 1201 1564 .i.
1223 1527 1333 1577 virga
1356 1528 1408 1564 ad
1436 1528 1600 1578 geldum
1630 1528 1761 1577 Regis,
1781 1532 1822 1565 et
1843 1527 1938 1566 .viii.
1960 1526 2128 1575 plenarii
2147 1526 2297 1574 villani,
2319 1531 2358 1564 et
2377 1526 2458 1565 .vii.

451 1592 610 1628 dimidii
630 1593 778 1640 villani,
798 1597 838 1630 et
857 1594 941 1631 .iiii.
961 1594 1232 1632 sochemanni.
1290 1595 1344 1633 Et
1369 1607 1506 1634 omnes
1533 1597 1598 1634 isti
1623 1596 1801 1634 reddunt
1818 1607 1890 1644 per
1906 1606 2059 1631 annum
2079 1606 2161 1632 .xx.
2183 1594 2328 1631 solidos
2346 1598 2386 1631 et
2405 1606 2459 1632 ,1-

451 1659 633 1697 denarios
651 1665 690 1698 et
711 1661 754 1699 .i.
775 1661 950 1709 obolum,
969 1666 1009 1699 et
1026 1662 1177 1700 habent
1195 1663 1278 1701 .iiii.
1298 1675 1494 1709 carrucas,
1516 1669 1556 1702 et
1574 1664 1669 1702 inde
1693 1667 1808 1701 arant
1826 1663 1890 1701 .vi.
1909 1663 2064 1699 vicibus
2090 1673 2162 1710 per
2185 1673 2350 1699 annum.
2407 1661 2462 1699 Et

451 1732 598 1776 praeter
613 1728 689 1765 hoc
709 1728 896 1766 Lansetes
913 1733 1028 1766 arant
1046 1734 1108 1767 ter
1124 1742 1196 1779 per
1221 1743 1388 1770 annum.
1447 1731 1501 1769 Et
1529 1731 1699 1780 plenarii
1728 1731 1866 1769 villani
1897 1734 2113 1780 operantur
2147 1731 2220 1769 .iii.
2251 1730 2391 1767 diebus
2418 1730 2460 1767 in

451 1796 687 1842 ebdomada,
703 1800 743 1833 et
762 1796 919 1833 dimidii
930 1797 1067 1834 villani
1086 1797 1308 1835 secundum
1325 1802 1528 1837 tenaturas
1546 1811 1650 1838 suas.
1709 1799 1763 1837 Et
1782 1799 1929 1836 debent
1947 1799 2147 1836 adducere
2162 1798 2273 1836 .xiiii.
2289 1802 2462 1835 careatas

451 1863 552 1912 ligni
570 1863 621 1901 de
638 1865 772 1902 bosco.
830 1864 884 1902 Et
901 1865 1080 1903 reddunt
1102 1865 1218 1904 .xliii.
1239 1866 1407 1916 gallinas
1427 1868 1477 1905 de
1496 1868 1798 1906 consuetudine.
1854 1867 1922 1904 Ad
1947 1868 2151 1904 caritatem
2183 1865 2321 1904 Sancti
2351 1866 2462 1903 Petri

452 1931 552 1969 dant
582 1932 666 1970 .iiii.
694 1933 848 1979 arietes,
868 1937 907 1970 et
926 1933 1018 1972 .viii.
1036 1933 1152 1971 ulnas
1181 1934 1231 1971 de
1259 1934 1365 1972 lineo
1391 1948 1539 1984 panno,
1557 1940 1596 1973 et
1617 1948 1672 1974 .x.
1692 1936 1873 1985 gallinas,
1892 1940 1931 1973 et
1950 1947 2003 1973 .x.
2025 1935 2164 1981 discos,
2185 1938 2224 1972 et
2244 1946 2296 1972 .c.
2318 1946 2403 1980 ova,
2423 1939 2464 1972 et

452 2011 528 2037 .cc.
544 2011 680 2048 panes.
738 1999 792 2036 Et
809 2004 954 2048 praeter
971 2000 1046 2036 hoc
1073 2000 1125 2036 ad
1156 2000 1416 2038 Nativitatem
1448 2015 1520 2050 pro
1550 2007 1707 2040 mortuo
1740 2003 1850 2052 ligno
1872 2015 1952 2040 .xv.
1974 2014 2135 2051 sceppas
2153 2013 2290 2048 avene,
2312 2005 2351 2038 et
2373 2013 2460 2038 αα.

453 2078 588 2114 panes.
646 2066 696 2103 In
729 2067 841 2103 curia
873 2071 968 2104 sunt
1001 2067 1060 2105 .ii.
1096 2079 1270 2105 carrucae
1291 2068 1341 2105 de
1373 2069 1467 2107 ‚xvi.
1497 2070 1638 2116 bobus,
1666 2073 1706 2107 et
1740 2069 1813 2108 .iii.
1850 2081 1992 2117 vaccae,
2021 2074 2060 2107 et
2090 2069 2148 2107 .ii.
2179 2068 2308 2116 vituli,
2338 2073 2378 2106 et
2404 2080 2461 2108 .v.

452 2133 639 2170 animalia
655 2134 789 2180 otiosa,
814 2131 822 2185 Ι
846 2138 885 2171 et
906 2146 1016 2171 .xxv.
1036 2134 1161 2182 porci,
1179 2139 1219 2172 et
1239 2135 1366 2173 .xxiii‚
1387 2148 1529 2184 caprae.

509 2199 561 2236 In
582 2200 657 2236 Eia
680 2200 719 2238 .i.
742 2199 838 2236 hida
866 2204 906 2237 et
934 2200 1101 2237 dimidia
1127 2201 1179 2237 ad
1206 2201 1372 2250 geldum
1399 2203 1516 2251 regis.
1576 2203 1629 2240 Et
1659 2203 1758 2241 .xiii.
1779 2203 1937 2240 dimidii
1956 2202 2108 2249 villani,
2130 2207 2170 2240 et
2187 2203 2363 2240 reddunt
2389 2214 2462 2251 per

450 2279 603 2304 annum
624 2268 717 2306 .xvi.
736 2268 896 2315 solidos,
916 2272 955 2305 et
977 2268 1062 2306 .xii.
1083 2280 1245 2317 sceppas
1262 2281 1385 2306 avene
1403 2282 1475 2318 pro
1494 2270 1603 2320 ligno
1622 2276 1793 2317 mortuo,
1815 2275 1855 2307 et
1877 2270 1962 2308 .xii.
1983 2282 2118 2319 panes,
2137 2274 2177 2307 et
2198 2270 2266 2308 .xl.
2281 2269 2462 2319 gallinas,

452 2339 492 2372 et
512 2347 610 2373 .ccc.
632 2347 704 2372 ova
722 2340 761 2373 et
785 2347 867 2373 .xx.
926 2335 980 2372 Et
1008 2335 1157 2373 habent
1178 2336 1243 2374 .vi.
1278 2324 1473 2384 carrucas,
1493 2342 1533 2374 et
1565 2337 1660 2375 inde
1685 2342 1800 2375 arant
1834 2337 1959 2375 ‚xxvi.
1988 2349 2099 2374 acras
2126 2349 2199 2386 per
2226 2350 2392 2384 annum,
2423 2342 2463 2375 et

451 2405 595 2450 praeter
626 2401 701 2438 hoc
732 2406 846 2439 arant
877 2406 939 2439 ter
969 2413 1041 2450 per
1069 2413 1235 2440 annum.
1291 2403 1358 2440 Ad
1388 2404 1592 2441 caritatem
1626 2403 1763 2441 Sancti
1792 2403 1901 2441 Petri
1929 2404 2027 2441 dant
2058 2404 2131 2442 .iii.
2161 2403 2315 2452 arietes,
2344 2408 2384 2441 et
2405 2416 2460 2442 .v.

452 2469 568 2507 ulnas
585 2470 722 2519 panni,
742 2474 782 2507 et
803 2482 856 2508 .v.
879 2470 1020 2508 discos.
1078 2469 1129 2507 In
1149 2470 1260 2508 curia
1279 2476 1338 2508 est
1359 2472 1401 2510 .i.
1423 2484 1586 2510 carruca
1605 2473 1656 2510 de
1678 2472 1775 2511 .viii.
1796 2473 1938 2517 bobus,
1959 2476 1998 2510 et
2020 2472 2142 2510 ,xxvi.
2157 2471 2282 2521 porci.
2340 2471 2393 2509 Et
2415 2471 2458 2510 .i.

454 2607 509 2644 Et
527 2607 569 2642 in
589 2606 768 2643 Oxeneia
785 2610 842 2644 est
860 2606 1061 2644 vaccarius
1080 2605 1150 2654 qui
1168 2607 1342 2645 custodit
1355 2607 1453 2646 .viii.
1472 2619 1620 2656 vaccas,
1635 2612 1675 2646 et
1696 2608 1762 2647 .vi.
1783 2608 1948 2655 vitellos,
1964 2611 2004 2646 et
2019 2608 2103 2647 .vii.
2120 2607 2309 2645 animalia
2321 2608 2459 2655 otiosa,

453 2678 493 2711 et
513 2673 572 2711 .ii.
592 2678 740 2712 tauros.

507 2742 558 2779 In
586 2742 776 2780 Flettuna
805 2743 1040 2792 adquietant
1059 2756 1110 2782 .v.
1129 2743 1235 2781 hidae
1253 2743 1305 2780 ad
1336 2743 1502 2793 geldum
1523 2743 1658 2794 Regis,
1685 2749 1743 2782 set
1771 2744 1814 2781 in
1842 2744 1981 2794 primis
2008 2757 2090 2783 non
2118 2745 2196 2783 fuit
2215 2745 2295 2784 nisi
2313 2746 2364 2783 ad
2387 2746 2461 2786 .iii.

452 2810 580 2848 hidas.
638 2810 691 2848 Et
710 2810 775 2849 .vi.
796 2811 965 2859 plenarii
992 2811 1143 2858 villani,
1165 2815 1204 2848 et
1234 2823 1288 2850 .x.
1319 2812 1475 2849 dimidii
1494 2812 1645 2850 villani.
1704 2812 1758 2850 Et
1776 2825 1913 2850 omnes
1931 2813 1996 2850 isti
2020 2813 2198 2851 reddunt
2227 2825 2280 2852 .x.
2299 2814 2459 2852 solidos.

454 2878 508 2916 Et
525 2878 673 2916 habent
694 2879 760 2917 .vi.
780 2891 976 2917 carrucas.
1035 2878 1091 2917 Et
1109 2891 1133 2916 a
1150 2878 1249 2916 festo
1278 2878 1417 2917 Sancti
1446 2880 1666 2927 Michaelis,
1688 2892 1816 2929 usque
1840 2881 1894 2917 ad
1922 2879 2047 2917 Pasca
2073 2880 2116 2916 in
2150 2892 2310 2929 quaque
2340 2882 2461 2918 ebdo-

453 2946 572 2983 mada
602 2947 645 2984 .i.
676 2947 741 2984 die
773 2952 999 2996 operantur.
1057 2947 1110 2985 Et
1138 2952 1283 2996 praeter
1309 2947 1386 2985 hoc
1412 2952 1530 2985 arant
1550 2948 1618 2986 .vi.
1640 2960 1751 2985 acras
1777 2952 1816 2986 et
1844 2948 2066 2996 dimidiam,
2086 2952 2126 2985 et
2152 2949 2350 2986 seminant
2372 2950 2460 2988 .iiii.

452 3026 563 3052 acras
581 3015 632 3052 de
649 3015 806 3064 proprio
824 3016 986 3063 semine,
1005 3020 1045 3053 et
1068 3020 1213 3064 praeter
1239 3016 1314 3053 hoc
1341 3020 1456 3053 arant
1477 3016 1545 3054 .vi.
1565 3016 1707 3054 diebus
1733 3017 1776 3053 in
1805 3021 1943 3063 estate,
1965 3021 2005 3054 et
2023 3017 2178 3055 faciunt
2197 3019 2458 3066 operationes.

456 3082 523 3119 Ad
555 3083 758 3120 caritatem
790 3083 927 3122 Sancti
955 3084 1064 3121 Petri
1095 3084 1273 3121 reddunt
1301 3083 1388 3122 .iiii.
1418 3084 1572 3132 arietes,
1601 3089 1641 3122 et
1660 3098 1711 3123 .v.
1733 3085 1850 3122 ulnas
1867 3086 2007 3135 panni,
2027 3091 2067 3124 et
2088 3098 2143 3124 .x.
2165 3087 2306 3133 discos,
2326 3091 2366 3124 et
2387 3099 2459 3125 .cc.

455 3161 589 3198 panes,
608 3155 647 3187 et
667 3162 719 3188 .x.
739 3151 918 3200 gallinas,
951 3156 990 3189 et
1009 3155 1154 3200 praeter
1180 3151 1255 3188 hoc
1284 3150 1334 3187 de
1363 3151 1652 3189 consuetudine
1681 3151 1782 3190 adii.
1803 3152 1986 3201 gallinas,
2006 3157 2046 3191 et
2065 3153 2131 3192 ‚xi.
2150 3166 2282 3200 aucas,
2302 3158 2342 3190 et
2359 3166 2458 3191 .ccc.

456 3229 543 3263 ova,
564 3221 604 3254 et
622 3217 704 3254 .iiii.
724 3222 900 3266 cotsetes,
920 3219 990 3268 qui
1017 3219 1195 3256 reddunt
1223 3231 1272 3256 .v.
1305 3218 1464 3265 solidos,
1495 3223 1535 3256 et
1568 3219 1625 3257 .ii.
1653 3219 1847 3268 homines,
1871 3218 1879 3272 Ι
1904 3222 1974 3270 qui
1993 3221 2170 3258 reddunt
2188 3221 2270 3259 .vii.
2302 3221 2460 3260 solidos.

457 3285 510 3322 Et
534 3284 576 3321 in
596 3285 706 3322 curia
723 3290 817 3322 sunt
835 3287 890 3324 .ii.
910 3300 1084 3326 carrucae
1111 3288 1162 3324 de
1182 3287 1266 3325 .xii.
1288 3288 1428 3334 bobus,
1448 3292 1487 3325 et
1515 3288 1584 3326 .iii.
1615 3301 1757 3337 vaccae,
1785 3294 1825 3326 et
1852 3289 1909 3328 .ii.
1940 3289 2067 3335 vituli,
2096 3293 2136 3325 et
2168 3289 2240 3326 .iii.
2270 3288 2459 3325 animalia

455 3352 590 3398 otiosa,
609 3356 649 3388 et
670 3352 710 3389 .i.
730 3364 840 3399 aura,
859 3357 900 3390 et
919 3355 1035 3393 .xxii.
1061 3356 1182 3404 porei.

509 3420 559 3457 In
580 3419 757 3458 Stanfort
784 3426 878 3459 sunt
909 3421 1004 3461 alii.
1033 3423 1212 3461 homines
1238 3423 1429 3462 habentes
1457 3424 1595 3462 domos
1621 3425 1673 3462 ad
1707 3429 1851 3462 terram
1885 3425 2135 3474 adjacentem
2165 3424 2348 3462 domibus
2376 3436 2456 3461 non
