2774 3952
498 422 600 469 126
1020 433 1376 469 onnomcoN
1419 434 1963 472 PETROBURGENSE.

493 559 657 612 nibus
685 560 752 612 de
779 559 1052 613 Scaccario
1099 578 1130 610 a
1171 559 1256 611 die
1301 559 1472 611 sancti
1512 558 1797 612 Michaelis
1837 559 1893 612 in
1921 559 2227 630 quindecim
2254 561 2387 628 dies,
2425 580 2489 615 eo

494 645 639 712 quod
659 644 923 714 judicium
949 645 1191 697 nondum
1216 645 1419 697 factum
1446 651 1546 696 est.
1608 644 1697 696 Ad
1713 662 1874 714 quem
1894 644 2039 697 diem
2054 646 2204 699 venit
2217 647 2491 716 predictus

493 729 658 782 abbas
697 747 793 800 per
835 737 1165 783 attornatum
1193 749 1352 783 suum
1395 738 1452 783 et
1491 731 1648 783 datus
1690 739 1775 783 est
1818 731 1867 784 ei
1894 731 2008 783 dies
2034 750 2066 783 a
2090 731 2176 785 die
2203 733 2407 786 Pasche
2430 734 2490 786 in

493 833 582 869 xv.
611 816 725 868 dies
751 823 852 870 etc.
880 817 948 869 ad
983 836 1144 887 quem
1171 817 1313 870 diem
1346 817 1496 870 venit
1520 816 1795 886 predictus
1835 816 1999 868 abbas
2039 835 2138 886 per
2161 824 2492 871 attornatum

495 920 655 954 suum
680 911 736 955 et
761 904 918 956 datus
945 912 1028 956 est
1053 904 1102 956 ei
1128 904 1240 957 dies
1268 922 1299 955 a
1324 904 1410 955 die
1437 903 1607 956 sancti
1634 903 1920 956 Michaelis
1945 903 2002 955 in
2030 922 2118 955 xv.
2145 903 2260 956 dies
2294 912 2396 957 etc.
2421 905 2491 957 ad

494 1006 654 1057 quem
680 989 823 1041 diem
847 990 998 1042 venit
1035 990 1308 1059 predictus
1347 988 1513 1041 abbas
1538 1007 1636 1059 per
1660 996 1995 1042 attornatum
2038 1008 2198 1042 suum
2238 998 2294 1042 et
2334 990 2490 1043 datus

492 1082 576 1126 est
619 1075 668 1126 ei
694 1076 807 1127 dies
834 1094 865 1127 a
891 1076 976 1127 die
1004 1077 1208 1128 Pasche
1233 1076 1291 1127 in
1317 1094 1405 1128 xv.
1433 1075 1547 1127 dies
1575 1082 1677 1128 etc.
1751 1075 1966 1128 Deinde
1995 1076 2153 1128 datus
2179 1083 2264 1128 est
2302 1076 2351 1128 ei
2376 1077 2491 1130 dies

490 1160 578 1212 hic
602 1160 659 1211 in
685 1161 888 1213 octavis
916 1162 1086 1213 sancti
1113 1160 1397 1213 Michaelis
1424 1168 1526 1213 etc.
1565 1161 1632 1212 ad
1659 1179 1818 1230 quem
1847 1161 1990 1214 diem
2015 1161 2180 1214 abbas
2205 1161 2357 1215 venit
2395 1180 2493 1232 per

491 1252 823 1298 attornatum
861 1265 1019 1298 suum
1065 1254 1120 1298 et
1157 1246 1322 1298 habet
1362 1246 1504 1298 diem
1529 1246 1588 1297 in
1614 1247 1848 1300 crastino
1876 1247 2048 1300 sancti
2075 1247 2320 1300 Martini.
2401 1247 2491 1300 Ad

492 1349 652 1400 quem
679 1331 822 1384 diem
849 1331 1014 1384 abbas
1040 1332 1190 1386 venit
1214 1349 1310 1402 per
1335 1338 1662 1384 attornatum
1693 1350 1852 1384 suum
1896 1340 1952 1386 et
1990 1332 2155 1386 habet
2180 1334 2323 1386 diem
2349 1352 2380 1386 a
2405 1333 2491 1387 die

494 1416 697 1468 Pasche
721 1415 777 1467 in
803 1435 891 1469 xv.
918 1416 1049 1468 dies.

122 1504 468 1559 (fol-cmiii-vs’)
565 1507 587 1567 l
614 1502 814 1554 Placita
852 1520 1031 1554 coram
1064 1502 1275 1554 Thoma
1310 1503 1376 1554 de
1402 1502 1668 1555 Welande
1719 1510 1774 1555 et
1818 1502 1976 1555 sociis
2014 1502 2124 1555 suis
2165 1502 2491 1556 Justiciariis

122 1762 209 1799 Nor
214 1762 432 1800 hamtonie-

123 1816 239 1854 scira.

124 2798 447 2838 Lincolniescira.

495 1587 701 1639 domini
726 1587 889 1656 Regis
918 1588 983 1640 de
1010 1588 1214 1652 BancO‚
1232 1588 1290 1639 in
1316 1586 1540 1639 Octabis
1563 1588 1734 1640 sancti
1759 1587 1797 1640 J
1800 1588 2027 1640 ohannis
2055 1588 2320 1658 Baptiste‚
2345 1606 2489 1642 anno

492 1673 643 1742 regni
669 1672 831 1742 Regis
858 1672 1109 1724 Edwardi
1133 1671 1229 1723 filii
1259 1670 1422 1740 Regis
1451 1671 1674 1724 Henrici
1701 1672 1908 1726 decimo
1936 1673 2185 1743 septimO.

564 1761 621 1812 N
625 1758 1117 1812 orhamtoniescira.
1154 1757 1341 1810 Abbas
1363 1758 1429 1810 de
1450 1758 1633 1828 Burgo
1651 1758 1822 1811 sancti
1840 1758 1985 1810 Petri
2006 1757 2370 1811 summonitus
2387 1758 2492 1812 fuit

491 1847 561 1898 ad
584 1845 1023 1914 respondendum
1066 1843 1321 1913 magistro
1348 1842 1624 1896 Willelmo
1650 1843 1717 1896 de
1744 1843 1947 1895 Kellun
1991 1861 2221 1912 persone
2247 1843 2490 1898 Ecclesie

491 1933 558 1985 de
585 1931 862 2001 Herdeby,
897 1931 935 1984 J
938 1930 1140 1983 ohanni
1155 1930 1222 1982 de
1248 1930 1475 1998 Uptona
1498 1946 1729 1998 persone
1755 1929 1998 1981 Ecclesie
2026 1929 2092 1981 de
2120 1929 2486 1999 Rillyngtona,

488 2025 544 2070 et
567 2017 687 2069 Ade
714 2017 779 2069 de
808 2016 1105 2080 Kelefelde,
1132 2014 1507 2068 executoribus
1532 2014 1843 2067 testamenti
1870 2014 2111 2084 magistri
2135 2014 2398 2068 Willelmi
2423 2015 2490 2069 de

488 2103 839 2167 Neuwercke‚
884 2103 950 2154 de
975 2102 1173 2172 placito
1209 2100 1354 2171 quod
1397 2100 1587 2153 reddat
1630 2099 1707 2152 eis
1732 2099 1924 2169 viginti
1966 2118 2190 2165 marcaS‚
2235 2119 2368 2171 quas
2411 2100 2490 2154 eis

487 2189 689 2258 injuste
715 2188 938 2253 detinet,
964 2195 1067 2241 etc.

561 2275 638 2326 Et
662 2273 827 2326 abbas
852 2291 949 2344 per
973 2279 1306 2326 attornatum
1333 2289 1493 2323 suum
1526 2269 1694 2324 venit.
1769 2269 1846 2321 Et
1872 2269 2003 2322 dicit
2041 2269 2188 2339 quod
2233 2270 2492 2324 satisfecit

488 2360 731 2429 predicto
770 2359 1027 2428 magistro
1065 2358 1361 2411 Willielmo
1397 2357 1464 2410 de
1510 2356 1716 2409 Kellun
1760 2355 1826 2407 de
1852 2355 2095 2424 predicto
2136 2355 2341 2409 debito.
2414 2357 2490 2409 Et

489 2446 762 2514 predictus
789 2445 1041 2514 magister
1064 2445 1373 2497 Willelmus
1397 2444 1503 2496 hoc
1527 2442 1673 2495 idem
1699 2440 1970 2511 cognovit.
2045 2441 2179 2494 Ideo
2205 2450 2308 2495 etc.

565 2530 817 2583 Creditur
856 2530 1002 2599 quod
1044 2548 1225 2582 coram
1253 2529 1500 2582 Gilberto
1528 2528 1594 2581 de
1621 2528 1885 2580 Prestona
1909 2533 1966 2579 et
1992 2526 2152 2580 sociis
2180 2527 2291 2580 suis
2319 2527 2488 2581 Itine-

491 2615 738 2668 rantibus
763 2614 911 2684 apud
936 2613 1294 2678 Lincolniam,
1320 2631 1463 2665 anno
1488 2612 1640 2682 regni
1660 2612 1823 2680 Regis
1846 2611 2073 2664 Henrici
2096 2612 2188 2666 lv⁰.
2209 2611 2488 2665 dubitatur

498 2719 586 2754 am
609 2719 678 2754 en
706 2700 752 2752 si
777 2707 912 2752 tunc
936 2699 1061 2752 ideo
1089 2704 1362 2767 queratur.

565 2785 907 2840 Baldewinus
932 2784 1109 2837 Wake
1136 2782 1500 2836 summonitus
1539 2781 1644 2833 fuit
1682 2781 1751 2832 ad
1789 2781 2230 2850 respondendum
2263 2781 2489 2851 Hugoni

491 2874 543 2925 le
568 2871 743 2940 Bigod
769 2877 825 2922 et
848 2870 886 2923 J
889 2870 1102 2922 ohanne
1126 2867 1283 2921 uxori
1309 2867 1426 2936 ejus
1452 2865 1519 2918 de
1544 2864 1761 2935 placit0‚
1787 2864 1934 2933 quod
1969 2863 2208 2933 aquietet
2243 2863 2394 2934 ipsos
2420 2867 2487 2920 de

497 2956 740 3020 serviciO,
766 2954 911 3024 quod
937 2952 1124 3006 Abbas
1163 2953 1230 3004 de
1258 2952 1439 3020 Burgo
1467 2949 1639 3003 sancti
1666 2949 1813 3002 Petri
1837 2948 1904 3001 ab
1931 2948 2008 3002 eis
2034 2947 2200 3019 exigit
2226 2949 2292 3003 de
2316 2949 2485 3004 libero

495 3047 806 3096 tenemento
834 3056 933 3091 suo
959 3037 1105 3106 quod
1122 3037 1188 3089 de
1214 3054 1278 3089 eo
1305 3041 1495 3087 tenent
1518 3033 1577 3086 in
1604 3032 1842 3101 Kareby,
1862 3032 2118 3102 Wyham,
2140 3039 2195 3085 et
2220 3033 2487 3104 Depinge‚

494 3126 640 3180 unde
662 3125 807 3177 idem
833 3121 1195 3186 BaldewinuS,
1220 3120 1314 3190 qui
1338 3119 1549 3172 medius
1577 3125 1660 3172 est
1683 3119 1825 3171 inter
1849 3136 1942 3171 eos
1962 3138 1978 3182 3
2009 3118 2159 3187 ipsos
2186 3118 2486 3188 acquietare

497 3211 676 3276 debet,
702 3219 805 3263 etc.
878 3208 955 3261 Et
996 3207 1141 3259 unde
1166 3204 1393 3275 predicti
1438 3205 1602 3274 Hugo
1642 3211 1697 3257 et
1738 3203 1776 3257 J
1780 3204 1992 3256 ohanna
2017 3221 2113 3272 per
2156 3210 2485 3257 attornatum

493 3297 665 3367 ipsius
713 3295 750 3348 J
753 3294 964 3349 ohanne
1014 3296 1310 3360 queruntur
1359 3289 1505 3358 quod
1547 3306 1671 3341 cum
1719 3288 1823 3358 ipsi
1868 3295 2087 3341 teneant
2138 3289 2203 3341 de
2243 3288 2484 3358 predicto

497 3381 805 3436 Baldewino
843 3379 945 3432 tria
969 3377 1125 3432 feoda
1164 3375 1397 3429 militum
1422 3374 1479 3428 in
1521 3374 1776 3445 predictis
1803 3374 1943 3428 villis
1982 3394 2079 3445 per
2121 3375 2343 3429 servicia
2382 3393 2484 3445 que
