2774 3952
77 1597 183 1649 (fol.
205 1611 261 1639 cx.
280 1602 364 1652 νο.)

979 441 1336 478 cunomcoN
1368 444 1916 482 PETROBURGENSE.
2342 435 2442 484 105
2480 485 2484 489 ,

441 564 602 618 dicto,
677 565 753 618 Et
790 565 894 619 hoc
919 567 1225 621 nullatenus
1252 570 1487 623 omittas.
1561 571 1724 624 Teste
1749 571 1958 642 meipso
1985 570 2130 640 apud
2168 570 2447 626 Westmo-

439 651 751 716 nasterium,
777 652 885 705 vii0.
912 654 997 706 die
1023 654 1060 707 J
1063 655 1173 720 ulii,
1200 674 1341 708 anno
1366 657 1516 726 regni
1541 658 1714 710 nostri
1738 663 1867 710 X111⁰.

516 736 581 787 In
609 738 798 789 eodem
825 739 1188 807 parleamento
1213 740 1559 809 impetratum
1588 749 1672 794 est
1704 741 1866 794 breve
1893 741 2099 793 domini
2127 743 2290 812 Regis
2329 744 2448 796 the-

442 822 676 873 saurario
703 830 758 874 et
781 823 1074 876 baronibus
1115 825 1181 876 de
1209 824 1484 878 Scaccario
1523 844 1622 896 pro
1663 834 1934 879 attornato
1973 827 2300 898 recipiendo,
2347 829 2447 881 sub

439 906 540 958 hac
566 907 738 959 forma
754 928 843 960 :—

514 993 811 1045 Edwardus
855 993 962 1046 Dei
1003 993 1190 1063 gratia,
1227 1000 1328 1045 etc.
1366 994 1722 1049 Thesaurario
1778 1005 1834 1050 et
1884 997 2179 1052 baronibus
2227 1000 2338 1052 suis
2383 1000 2448 1052 de

443 1077 717 1131 Scaccario
759 1080 1005 1132 salutem.
1081 1079 1411 1132 Mandamus
1451 1081 1608 1134 vobis
1654 1084 1799 1152 quod
1843 1092 2145 1137 attornatos
2191 1104 2324 1155 quos
2371 1086 2451 1137 di-

441 1162 611 1214 lectus
637 1163 796 1215 nobis
821 1163 878 1215 in
906 1163 1126 1216 Christo
1153 1163 1321 1252 abbams⁴
1347 1165 1412 1218 de
1440 1166 1623 1236 Burgo
1652 1168 1825 1220 sancti
1847 1169 1994 1221 Petri
2018 1169 2138 1222 loco
2161 1189 2258 1222 suo
2283 1178 2451 1222 attor-

441 1266 569 1300 nare
609 1249 841 1301 voluerit
881 1267 979 1319 per
1018 1249 1227 1302 litteras
1267 1269 1391 1302 suas
1431 1258 1679 1320 patentes
1706 1253 1775 1304 ad
1813 1252 2089 1306 libertates
2117 1274 2240 1306 suas
2267 1273 2449 1307 coram

441 1333 598 1386 vobis
637 1334 694 1386 in
741 1334 1014 1388 Scaccario
1040 1335 1284 1405 predicto
1323 1337 1764 1406 calumpniandas
1803 1346 1858 1390 et
1901 1340 2286 1404 defendendaS,
2330 1341 2450 1393 loco

440 1419 612 1487 ipsius
638 1419 847 1473 abbatis
872 1421 940 1473 ad
980 1420 1082 1473 hoc
1115 1420 1382 1490 recipiatis
1417 1421 1517 1474 hac
1541 1422 1676 1487 vice,
1715 1424 1780 1476 de
1805 1424 1974 1493 gratia
1999 1433 2186 1477 nostra
2213 1425 2452 1494 speciali.

441 1504 604 1557 Teste
629 1512 732 1558 etc.

513 1596 537 1655 l
558 1589 851 1660 Inquisicio
876 1591 1015 1643 facta
1039 1591 1095 1643 in
1122 1609 1286 1662 regno
1315 1609 1479 1662 super
1503 1591 1740 1644 articulis
1766 1593 2138 1664 infrascriptis.

514 1676 864 1746 Respondere
890 1676 1091 1729 debent
1115 1677 1153 1730 J
1155 1678 1294 1730 urati
1320 1678 1386 1730 de
1413 1678 1640 1747 singulis
1656 1678 2006 1749 Wapentacis
2033 1688 2089 1732 et
2118 1679 2452 1732 HundrediS.

515 1761 667 1816 Quot
690 1762 816 1814 ville
841 1769 968 1814 sunt
992 1763 1049 1814 in
1074 1771 1381 1833 wapentaca
1420 1773 1476 1815 et
1499 1764 1802 1829 hundredO,
1828 1772 1884 1817 et
1920 1783 2043 1834 que,
2069 1772 2125 1817 et
2161 1765 2324 1817 etiam
2351 1783 2455 1834 que

443 1855 574 1899 sunt
600 1847 915 1912 Gildebiles‚
941 1855 996 1900 et
1022 1867 1125 1918 que
1149 1867 1280 1914 non,
1319 1856 1375 1901 et
1411 1847 1458 1900 si
1483 1855 1657 1901 status
1683 1866 1866 1901 earum
1893 1857 2151 1915 mutetur,
2177 1857 2232 1903 et
2273 1869 2304 1901 a
2348 1868 2454 1920 quo

443 1940 704 2003 tempore,
733 1941 789 1986 et
813 1934 906 2003 qui
931 1952 1021 1986 eas
1046 1941 1252 1986 tenent.

518 2019 659 2071 Item
694 2019 760 2071 de
785 2019 957 2072 feodis
984 2019 1218 2071 militum
1244 2036 1347 2088 que
1384 2024 1640 2071 tenentur
1678 2018 1744 2071 de
1772 2020 1919 2089 Rege
1945 2020 2002 2072 in
2028 2020 2221 2090 capite,
2260 2021 2352 2091 qui
2392 2040 2456 2074 ea

445 2111 652 2166 tenent,
678 2112 734 2156 et
758 2104 815 2155 in
841 2103 1036 2173 quibus
1062 2104 1220 2167 villis,
1247 2111 1302 2156 et
1336 2103 1428 2172 qui
1455 2110 1586 2155 sunt
1611 2111 1859 2157 tenentes
1886 2105 1988 2169 sui,
2014 2114 2071 2158 et
2109 2105 2202 2158 ubi
2230 2107 2355 2172 sint,
2393 2116 2457 2160 ut

448 2187 648 2240 sciatur
689 2187 784 2240 ubi
823 2188 1253 2257 distringendum
1303 2188 1375 2240 sit
1422 2206 1520 2258 pro
1572 2189 1797 2243 servicio
1834 2190 1998 2260 Regis
2048 2192 2192 2261 quod
2233 2211 2264 2244 a
2306 2200 2452 2245 retro

445 2273 625 2326 fuerit.

519 2359 663 2412 Item
689 2358 993 2429 cujusmodi
1029 2359 1271 2412 redditus
1297 2379 1509 2412 annuus
1537 2359 1763 2413 debetur
1800 2361 1866 2413 de
1893 2360 2119 2431 singulis
2145 2361 2285 2414 villis
2310 2361 2453 2414 vice·

447 2444 752 2510 comitibuS,
778 2451 890 2497 tam
916 2444 984 2496 ad
1008 2452 1230 2497 turnum
1255 2446 1587 2498 vicecomitis
1614 2465 1776 2516 quam
1797 2446 1865 2498 ad
1884 2446 2063 2498 visum
2083 2446 2253 2499 franci
2273 2446 2454 2516 plegii,

447 2549 543 2583 seu
569 2548 906 2600 quocumque
932 2530 1035 2583 alio
1061 2532 1225 2584 modo
1252 2549 1355 2602 que
1398 2532 1667 2601 pertinere
1707 2530 1908 2583 debent
1950 2530 2019 2582 ad
2061 2530 2271 2583 firmam
2311 2531 2454 2584 vice·

445 2616 724 2680 comitum,
749 2623 804 2668 et
842 2615 1088 2668 similiter
1125 2616 1191 2669 de
1217 2616 1576 2669 advocacione
1602 2615 1966 2682 ecclesiarum,
2005 2615 2051 2668 si
2090 2634 2195 2686 qua
2235 2616 2322 2681 sit,
2351 2634 2454 2686 que

445 2699 513 2752 ad
539 2701 743 2770 Regem
768 2700 1036 2770 pertinere
1063 2700 1275 2754 debeat.

518 2785 659 2837 Item
686 2792 950 2854 quantum
974 2792 1284 2855 wapentaca
1309 2792 1364 2838 et
1388 2785 1732 2838 hundredum
1759 2784 1969 2839 solebat
1994 2786 2138 2840 dare.

519 2871 661 2924 Item
678 2878 942 2940 quantum
968 2871 1195 2941 quilibet
1219 2880 1543 2941 wapentaca,
1567 2872 1680 2925 sive
1696 2872 2040 2924 hundredum
2060 2873 2153 2925 dat
2176 2890 2276 2943 pro
2301 2872 2456 2926 firma

449 2956 532 3009 sui
556 2965 860 3027 wapentace
887 2957 999 3009 sive
1024 2957 1293 3009 hundredi
1317 2976 1481 3010 nunc.

522 3041 663 3094 Item
688 3041 746 3093 in
771 3041 968 3111 quibus
995 3042 1155 3094 rebus
1181 3049 1237 3093 et
1274 3041 1575 3093 redditibus
1603 3049 1659 3093 et
1696 3040 2008 3111 perquisitis
2052 3041 2206 3095 firma
2240 3060 2455 3112 wapen-

449 3132 566 3178 tace
593 3144 689 3187 seu
713 3126 981 3180 hundredi
1005 3125 1272 3191 consistit,
1299 3144 1396 3179 seu
1421 3126 1716 3181 consistere
1743 3127 1968 3194 solebat,
1996 3147 2091 3182 seu
2128 3129 2337 3183 levatur
2362 3137 2455 3181 aut

450 3208 616 3275 letari
639 3211 937 3265 consuevit.

422 3354 437 3370 ⁶
524 3292 668 3346 Item
707 3295 774 3348 de
815 3297 1075 3366 peccunia
1117 3316 1280 3368 quam
1327 3299 1670 3353 vicecomites
1720 3309 2042 3370 receperunt
2092 3300 2158 3354 de
2207 3301 2453 3370 personis

454 3385 641 3432 contra
667 3385 870 3432 statuta
894 3381 1100 3434 domini
1125 3384 1306 3453 Regis,
1333 3391 1389 3437 et
1413 3384 1480 3437 de
1505 3385 1703 3454 quibus
1729 3386 1995 3455 personis,
2021 3393 2076 3439 et
2101 3392 2382 3454 quantum.

529 3480 719 3516 cAMn.
748 3479 873 3518 soc.
2129 3486 2164 3519 ι»
