2774 3952
128 1245 231 1298 (suc.
267 1263 307 1289 x.
330 1253 401 1302 ν’.)

126 2691 227 2740 (foc.
247 2703 303 2730 w.
325 2691 413 2740 vo.)

498 430 596 476 164
1330 450 1663 487 APPENDIX.

494 575 534 609 et
552 582 653 610 uxor
670 573 756 622 ejus
774 574 887 612 metit
906 574 1111 612 dimidiam
1122 587 1254 613 acram
1266 576 1307 613 in
1320 578 1554 616 ebdomada.
1612 578 1666 616 Et
1688 579 1760 618 .xl.
1780 580 1905 629 porci,
1927 585 1968 619 et
1987 582 2027 620 .i.
2046 583 2261 632 pomarius,
2281 584 2351 634 qui
2370 587 2504 622 servat

494 650 645 688 porCOS,
664 646 704 679 et
721 654 824 689 oves,
843 647 882 680 et
900 647 1009 680 tenet
1025 643 1118 681 .viii.
1141 656 1263 692 acras,
1283 650 1322 683 et
1341 646 1555 695 quinquies
1576 658 1657 685 .xx.
1676 658 1777 686 oves.

550 709 602 746 In
622 709 881 748 Fischertona
899 716 938 749 et
956 711 998 748 in
1018 713 1206 750 membris
1225 725 1314 761 quae
1347 715 1533 764 adjacent
1562 718 1659 752 sunt
1688 715 1775 754 .xii.
1797 721 2012 755 carrucatae
2031 718 2088 756 .ii.
2109 719 2260 757 bovatis
2287 721 2420 758 minus
2446 719 2500 757 ad

495 777 661 826 geldum
673 776 809 828 Regis,
828 786 867 816 et
885 779 936 816 ad
958 780 1167 818 servicium
1187 781 1236 818 de
1257 781 1409 821 Burch.
1469 783 1523 820 Et
1540 783 1597 820 ibi
1616 787 1710 821 sunt
1731 785 1852 822 .xxVi.
1873 785 1982 834 pleni
2001 786 2153 834 villani,
2174 790 2214 824 et
2234 787 2321 825 .xii.
2344 788 2504 825 dimidii

498 845 648 892 villani,
661 850 701 883 et
715 847 755 884 .i.
767 847 911 896 plenus
922 852 1106 895 cotsetus,
1121 853 1160 886 et
1177 849 1249 888 .iii.
1268 851 1460 889 bordarii.
1490 850 1606 888 Pleni
1624 850 1761 888 villani
1776 856 1991 900 operantur
2005 853 2062 891 .ii.
2077 853 2218 890 diebus
2228 853 2270 890 in
2281 854 2503 891 ebdomada

499 926 571 963 per
588 919 718 952 totum
735 927 903 954 annum.
962 916 1015 954 Et
1034 917 1191 954 dimidii
1211 918 1349 956 villani
1369 919 1410 957 .i.
1432 919 1497 956 die
1517 920 1558 956 in
1579 920 1813 966 ebdomada,
1834 925 1873 957 et
1894 920 1965 958 .iii.
1986 921 2174 967 bordarii,
2194 925 2234 958 et
2254 921 2295 959 .i.
2314 924 2501 966 cotsetus.

499 986 714 1030 operantur
735 983 778 1020 .i.
800 982 865 1020 die
883 984 926 1019 in
945 984 1129 1033 Augusto
1149 997 1222 1034 per
1239 987 1502 1023 ebdomadam
1520 986 1572 1023 ad
1594 987 1731 1024 cibum
1750 987 1916 1025 domini.
1974 987 2089 1024 Pleni
2109 987 2244 1024 villani
2275 991 2315 1025 et
2344 987 2502 1024 dimidii

498 1050 648 1087 habent
681 1050 752 1088 .ix.
787 1062 982 1098 carrucas,
1002 1057 1041 1089 et
1075 1053 1118 1091 .i.
1141 1065 1279 1093 eorum
1315 1054 1373 1092 .ii.
1405 1055 1538 1100 boves,
1570 1055 1679 1092 unde
1711 1054 1806 1092 facit
1836 1055 1914 1092 illis
1946 1056 2167 1099 servicium,
2201 1055 2310 1104 quod
2341 1055 2393 1092 ad
2425 1055 2502 1092 hoc

498 1117 684 1166 pertinet.
742 1117 795 1154 Et
813 1129 949 1155 omnes
966 1119 1031 1156 isti
1061 1125 1249 1168 praestant
1277 1132 1367 1159 suas
1396 1134 1578 1160 carrucas
1597 1123 1642 1162 .i.
1664 1123 1749 1160 vice
1776 1123 1828 1160 ad
1856 1123 2094 1172 hyvernage,
2126 1128 2166 1161 et
2184 1123 2255 1162 .iii.
2276 1123 2430 1161 vicibus
2449 1123 2501 1160 ad

497 1184 669 1222 tremeis.
727 1184 781 1221 Et
798 1185 908 1233 pleni
932 1185 1067 1223 villani
1087 1187 1234 1224 debent
1251 1188 1450 1226 adducere
1471 1190 1512 1228 .i.
1532 1194 1728 1228 careatam
1755 1191 1856 1240 ligni
1876 1206 1887 1237 3
1915 1195 1954 1228 et
1973 1191 2129 1227 dimidii
2148 1180 2285 1228 villani
2304 1195 2501 1239 quantum

498 1251 575 1289 illis
594 1252 805 1302 contingit.
848 1252 902 1290 Et
920 1258 1066 1302 praeter
1083 1254 1158 1291 hoc
1176 1254 1285 1303 pleni
1300 1255 1438 1293 villani
1455 1262 1571 1295 arant
1588 1258 1629 1296 .i.
1646 1269 1780 1295 acram
1793 1259 1845 1295 ad
1855 1258 2026 1306 tremeis‚
2051 1256 2057 1306 Ι
2082 1263 2122 1296 et
2141 1259 2349 1295 dimidiam
2366 1269 2500 1295 acram

496 1320 548 1356 ad
567 1319 801 1370 hyvernage,
819 1332 890 1369 per
906 1321 1251 1370 consuetudinem,
1276 1327 1315 1360 et
1342 1323 1519 1363 hercent.
1579 1326 1632 1363 Et
1659 1330 1803 1374 praeter
1833 1326 1908 1363 hoc
1936 1330 2126 1375 praestant
2143 1338 2325 1365 carrucas
2353 1339 2443 1364 suas
2462 1327 2502 1367 .i.

497 1387 582 1425 vice
601 1388 642 1424 in
662 1392 782 1425 estate
800 1388 851 1425 ad
869 1393 1051 1438 garetum
1069 1401 1141 1438 per
1158 1392 1502 1430 consuetudinem.
1561 1393 1615 1430 Et
1632 1394 1684 1429 ad
1703 1393 1847 1431 festum
1867 1392 2004 1431 Sancti
2032 1393 2198 1431 Martini
2225 1395 2501 1444 unusquisque

496 1456 697 1505 plenarius
728 1456 861 1493 reddit
890 1457 1051 1494 domino
1078 1458 1135 1495 .ii.
1167 1458 1360 1506 denarios,
1389 1464 1429 1496 et
1458 1460 1615 1497 dimidii
1643 1461 1780 1498 villani
1807 1461 1847 1500 .i.
1880 1461 2090 1499 denarium
2116 1474 2188 1511 pro
2212 1462 2502 1500 consuetudine

496 1524 725 1572 praebende.
783 1523 836 1561 Et
855 1524 905 1561 de
924 1537 1167 1576 unoquoque
1185 1527 1284 1564 bove
1303 1526 1412 1564 unde
1431 1539 1567 1564 omnes
1585 1528 1650 1566 isti
1667 1533 1782 1566 arant
1799 1529 1851 1566 ad
1881 1529 2156 1576 Pentecosten,
2176 1530 2297 1567 habet
2315 1530 2501 1567 dominus

499 1592 542 1630 .i.
565 1593 774 1629 denarium
801 1604 872 1640 per
889 1594 1230 1632 consuetudinem.
1287 1594 1340 1632 Et
1358 1600 1503 1644 praeter
1533 1596 1610 1634 hoo
1642 1597 1919 1646 unusquisque
1945 1598 2146 1647 plenarius
2164 1598 2335 1635 villanus
2359 1597 2503 1635 reddet

499 1662 639 1699 .xxxii.
667 1661 860 1708 denarios,
878 1665 918 1699 et
945 1661 1136 1699 dimidius
1160 1663 1330 1700 villanus
1359 1664 1455 1702 .xvi.
1477 1664 1660 1702 denarios
1676 1677 1748 1714 per
1772 1666 2100 1703 consuetudinem
2117 1666 2170 1703 ad
2191 1666 2278 1704 .iiii.
2299 1666 2501 1704 terminos.

498 1729 552 1768 Et
584 1730 859 1780 unusquisque
890 1742 1028 1767 eorum
1059 1731 1201 1768 reddet
1235 1731 1278 1770 .i.
1310 1732 1501 1780 gallinam
1526 1733 1578 1769 ad
1597 1733 1870 1772 Nativitatem.
1929 1733 1982 1771 Et
2015 1734 2065 1770 de
2093 1734 2135 1772 .i.
2163 1734 2394 1771 molendino
2425 1731 2499 1771 .iii..

495 1799 640 1836 solidos
671 1810 743 1846 per
768 1810 935 1836 annum.
995 1798 1048 1836 Et
1081 1799 1131 1836 de
1163 1799 1204 1838 .i.
1236 1799 1453 1848 piscatione
1482 1813 1532 1838 .v.
1562 1801 1721 1840 solidos.
1781 1801 1835 1838 Et
1862 1801 1904 1838 in
1924 1801 2063 1838 eadem
2081 1801 2174 1838 villa
2203 1805 2261 1838 est
2292 1805 2396 1838 terra
2417 1799 2501 1837 ‚xii.

493 1867 762 1917 plenariorum
795 1864 1033 1903 villanorum
1058 1854 1191 1913 wasta,
1221 1860 1342 1915 quam
1371 1868 1604 1916 praepositus
1622 1868 1715 1906 ville
1746 1869 1952 1918 adquietat
1985 1869 2036 1905 de
2067 1869 2187 1904 bursa
2218 1880 2290 1905 sua
2324 1873 2364 1904 et
2394 1867 2500 1904 locat

491 1939 610 1985 prout
628 1935 770 1972 melius
787 1934 946 1984 poterit.
1005 1934 1059 1971 Et
1077 1934 1133 1971 ibi
1152 1939 1246 1972 sunt
1266 1947 1350 1974 .xx.
1369 1936 1641 1980 soehemmni.
1663 1937 1734 1985 qui
1752 1941 1891 1974 tenent
1912 1937 1984 1974 .iii.
2005 1940 2229 1973 carrucatas
2256 1940 2386 1973 terrae.
2445 1935 2498 1972 Et

490 2003 555 2041 isti
574 2006 763 2052 praestant
786 2014 968 2040 carrucas
996 2014 1100 2049 suas,
1121 2003 1242 2040 semel
1260 2003 1312 2040 ad
1331 2003 1558 2054 hivernage,
1577 2009 1617 2042 et
1634 2005 1696 2042 bis
1721 2005 1774 2041 ad
1792 2005 1965 2050 tremeis‚
1985 2008 2024 2042 et
2045 2004 2086 2042 .i.
2110 2004 2195 2041 vioe
2221 2004 2274 2040 ad
2299 2007 2497 2052 gai-etum.

492 2072 546 2109 Et
571 2071 751 2120 quisquis
780 2082 918 2109 eorum
950 2070 1065 2107 metit
1085 2071 1130 2108 .i.
1151 2083 1298 2118 acram,
1318 2075 1357 2109 et
1377 2071 1472 2109 facit
1503 2073 1561 2110 .ii.
1582 2073 1842 2121 praecationes
1866 2073 1909 2110 in
1928 2072 2125 2121 Augusto,
2145 2075 2185 2109 et
2204 2071 2248 2110 .i.
2269 2071 2335 2107 die
2354 2070 2502 2107 debent

490 2140 648 2187 falcare,
668 2144 707 2176 et
729 2140 770 2177 .i.
793 2139 858 2176 die
876 2151 1068 2188 apparare
1087 2139 1240 2186 fenum,
1262 2143 1302 2177 et
1319 2140 1397 2177 alio
1416 2140 1481 2177 die
1508 2141 1699 2190 adjuvare
1726 2141 1778 2178 ad
1797 2141 2029 2178 ducendum
2057 2152 2129 2189 per
2156 2138 2499 2177 consuetudinem.

492 2208 545 2245 Et
578 2207 853 2255 unusquisque
885 2195 954 2244 dat
986 2207 1028 2245 .i.
1060 2206 1251 2256 gallinam
1280 2207 1333 2244 ad
1366 2207 1525 2247 Natale.
1582 2207 1635 2245 Et
1664 2220 1800 2245 omnes
1833 2208 1898 2245 isti
1927 2207 2182 2245 sochemanni
2212 2207 2389 2244 reddunt
2409 2205 2496 2244 .iiii.

490 2276 609 2312 libras
627 2275 679 2311 ad
701 2275 786 2312 .iiii.
808 2274 998 2311 terminos
1015 2286 1087 2323 per
1104 2286 1270 2312 annum.
1327 2274 1381 2311 Et
1399 2274 1450 2311 de
1467 2279 1573 2311 terra
1584 2274 1702 2311 soche
1721 2278 1779 2312 est
1799 2274 1844 2312 .i.
1865 2279 2050 2312 carucata
2068 2279 2189 2312 wasta
2207 2274 2250 2311 in
2268 2274 2387 2323 agris.
2445 2273 2500 2310 Et

488 2344 669 2382 homines
694 2343 886 2380 Rodberti
914 2343 964 2380 de
991 2342 1031 2380 la
1064 2342 1168 2380 Haie
1199 2343 1349 2380 habent
1377 2343 1585 2380 dimidiam
1614 2347 1876 2390 carrucatam,
1897 2344 2007 2381 unde
2025 2343 2204 2381 solebant
2221 2343 2389 2380 reddere
2409 2341 2497 2380 .iiii.

488 2412 656 2458 solidos;
683 2416 741 2448 set
759 2411 878 2448 modo
898 2411 1023 2448 nichil
1042 2410 1137 2448 inde
1155 2411 1309 2448 faciunt
1326 2423 1399 2460 pro
1415 2411 1451 2447 vi
1467 2411 1619 2448 domini
1636 2412 1712 2450 sui.
1769 2412 1822 2449 Et
1840 2412 1883 2448 in
1916 2412 2028 2449 curia
2046 2415 2140 2449 sunt
2161 2411 2233 2450 .iii.
2256 2422 2430 2449 carrucoe
2447 2410 2498 2447 de

491 2481 637 2519 .xxiiii.
658 2481 797 2525 bobus,
817 2483 857 2516 et
878 2491 931 2518 .v.
953 2479 1119 2526 bovarii,
1141 2479 1312 2529 quisque
1340 2491 1478 2516 eorum
1506 2484 1647 2517 tenens
1668 2493 1720 2518 .v.
1740 2492 1866 2526 acras,
1886 2484 1926 2517 et
1944 2492 2089 2517 uxores
2115 2491 2254 2517 eorum
2282 2482 2439 2516 metunt
2459 2478 2499 2516 .i.

490 2548 556 2586 die
588 2559 659 2597 per
690 2547 951 2584 ebdomadam
981 2547 1023 2583 in
1042 2547 1225 2596 Augusto
1257 2547 1309 2583 ad
1337 2547 1474 2584 cibum
1499 2547 1667 2585 domini.
1726 2547 1780 2584 Et
1804 2546 1862 2583 ibi
1880 2551 1974 2584 sunt
1996 2547 2079 2586 .vii.
2101 2558 2218 2583 vacce
2237 2549 2277 2583 et
2297 2546 2363 2584 .vi.
2383 2546 2498 2583 vituli

491 2621 531 2653 et
551 2616 594 2654 .i.
616 2620 766 2661 taurus,
786 2620 825 2652 et
846 2616 912 2652 .vi.
932 2627 1034 2662 sues,
1053 2620 1092 2652 et
1113 2615 1180 2652 .vi.
1210 2615 1445 2664 frescenges.
1504 2615 1557 2652 Et
1586 2616 1673 2653 haec
1697 2615 1789 2653 villa
1816 2619 1877 2653 est
1908 2627 1981 2664 pro
2013 2627 2097 2654 .xx.
2126 2615 2252 2661 libris,
2285 2618 2325 2652 et
2357 2618 2415 2651 est
2445 2615 2498 2651 ad

491 2685 675 2722 vestitum
693 2683 993 2721 monachorum.
1051 2682 1105 2720 Et
1122 2694 1203 2719 non
1227 2679 1234 2733 Ι
1258 2687 1387 2731 potest
1405 2683 1489 2731 pati
1502 2684 1694 2732 majorem
1712 2667 1998 2732 impletionem,
2017 2683 2050 2720 si
2068 2687 2174 2721 terra
2193 2694 2283 2731 quae
2302 2686 2423 2720 wasta
2441 2685 2500 2718 est

492 2750 573 2790 nen
593 2757 692 2790 esset
709 2755 941 2789 restaurata.

547 2820 597 2858 In
627 2819 789 2857 Scotere
819 2823 858 2856 et
889 2818 932 2854 in
962 2816 1167 2866 Scaletorp
1196 2821 1291 2854 sunt
1322 2816 1389 2855 .xi.
1418 2820 1634 2854 carrucatae
1661 2817 1714 2853 ad
1741 2817 1906 2866 geldum
1935 2816 2067 2865 Regis,
2099 2820 2139 2853 et
2168 2815 2309 2854 ,xxiiii.
2329 2815 2499 2864 plenarii

492 2889 643 2935 villani,
662 2892 702 2925 et
723 2888 779 2926 .ii.
802 2886 959 2924 dimidii
988 2885 1138 2931 villani,
1170 2890 1210 2922 et
1243 2897 1299 2924 .x.
1333 2885 1525 2923 bordarii.
1583 2885 1757 2922 Plenarii
1785 2884 1923 2921 villani
1952 2888 2167 2932 operantur
2197 2883 2254 2921 .ii.
2285 2883 2426 2920 diebus
2453 2884 2496 2920 in

492 2956 746 2994 ebdomada.v
787 2954 955 2991 Dimidii
990 2953 1129 2990 villani
1156 2957 1353 3002 quantum
1382 2953 1461 2990 illis
1489 2952 1698 3001 contingit,
1735 2957 1773 2989 et
1805 2951 1980 2989 bordarii
2010 2951 2054 2989 .i.
2090 2951 2154 2987 die
2184 2951 2227 2987 in
2259 2951 2495 2989 ebdomada.

495 3025 549 3062 Et
567 3024 623 3061 ibi
641 3027 734 3060 sunt
755 3023 878 3060 .xxix.
899 3022 1155 3059 sochemanni
1175 3027 1215 3059 et
1233 3026 1448 3070 operantur
1468 3021 1512 3059 .i.
1534 3020 1599 3057 die
1627 3020 1670 3056 in
1698 3019 1921 3056 ebdomada
1945 3030 2016 3067 per
2043 3022 2171 3055 totum
2201 3030 2367 3065 annum,
2387 3023 2426 3056 et
2453 3019 2495 3056 in

494 3095 678 3142 Augusto
713 3091 771 3129 .ii.
807 3091 962 3128 diebus.
1047 3090 1100 3127 Et
1128 3091 1194 3127 isti
1223 3090 1361 3127 villani
1393 3094 1433 3127 et
1461 3101 1598 3126 omnes
1629 3087 1884 3126 sochemanni
1918 3087 2067 3124 habent
2099 3087 2194 3125 .xxi.
2226 3099 2422 3133 carrucas,
2457 3093 2497 3126 et

493 3173 630 3200 omnes
647 3163 762 3197 arant
794 3159 821 3196 i.
840 3159 925 3195 vice
943 3158 994 3194 ad
1013 3158 1248 3207 hyvernage,
1268 3163 1308 3195 et
1327 3158 1368 3196 .i.
1388 3158 1441 3194 ad
1459 3157 1632 3204 tremeis‚
1654 3161 1694 3194 et
1722 3156 1827 3193 inter
1853 3155 2139 3192 sochemannos
2166 3159 2206 3192 et
2225 3155 2390 3192 villanos
2407 3156 2496 3193 red-

493 3231 598 3273 dunt
628 3241 682 3266 .x.
714 3227 834 3264 libras
862 3231 902 3264 et
932 3226 990 3264 .ii.
1020 3226 1164 3263 solidos
1192 3230 1231 3263 et
1266 3226 1363 3264 .viii.
1394 3226 1576 3264 denarios
1611 3237 1684 3274 per
1718 3223 2046 3261 consuetudinem
2078 3223 2130 3260 ad
2168 3223 2257 3261 .iiii.
2292 3223 2494 3261 terminos.

494 3297 630 3335 Acche
657 3294 791 3332 reddit
821 3307 876 3332 .x.
904 3293 1050 3331 solidos
1081 3305 1153 3341 pro
1184 3292 1241 3330 .ii.
1273 3292 1424 3329 bovatis
1455 3296 1496 3329 et
1521 3291 1688 3328 dimidia
1719 3295 1833 3328 terrae
1863 3301 1934 3338 per
1970 3290 2056 3327 .iiii.
2091 3290 2294 3328 terminos.
2354 3289 2407 3327 Et
2424 3290 2496 3326 filii

496 3365 677 3405 Goduini
699 3364 769 3402 .lx.
789 3375 861 3412 pro
891 3362 932 3401 .i.
957 3365 1163 3400 carrucata
1196 3366 1309 3399 terrae
1343 3373 1414 3410 per
1447 3360 1604 3398 eosdem
1637 3358 1837 3397 terminos.
1898 3358 2137 3397 Lancelinus
2158 3358 2242 3397 .xii.
2263 3358 2407 3397 solidos
2423 3370 2496 3407 pro
