2774 3952
444 409 506 456 12
969 418 1323 455 CHRONICON
1354 419 1896 457 PETROBURGENSE.

438 563 668 614 cumque
705 545 863 598 ballia
903 546 1029 611 sint,
1056 545 1308 616 quicquid
1333 545 1632 598 vicecomes
1671 546 1838 598 habet
1873 547 1932 598 in
1977 544 2259 598 dominicis
2296 544 2436 595 hun-

438 630 616 683 dredis
658 632 862 684 domini
889 633 1070 702 Regis,
1146 633 1274 702 Ipse
1301 630 1465 683 abbas
1493 632 1560 684 de
1584 631 1816 683 Torneia
1854 631 1998 700 cepit
2023 631 2202 700 ipsum
2228 631 2265 683 J
2268 630 2437 682 ohan-

436 734 563 767 nem
589 717 900 770 Bercarium
938 718 1076 770 infra
1111 718 1413 770 libertatern
1454 717 1626 787 ipsius
1663 717 1872 769 abbatis
1917 716 1983 769 de
2025 716 2344 780 Alwaltona,
2382 720 2439 766 et

438 802 673 870 apellum
697 803 831 855 illud
864 805 1040 856 tenuit
1063 806 1121 856 in
1165 805 1311 856 curia
1337 823 1434 855 sua
1476 803 1616 855 inter
1650 804 1919 873 quendam
1957 801 2304 872 probatorem
2341 797 2435 868 qui

438 888 691 956 cognovit
716 907 773 941 se
799 907 916 942 esse
941 890 1222 954 latronem,
1260 897 1315 942 et
1339 889 1642 959 predictum
1666 889 1704 942 J
1708 889 1994 953 ohannem,
2019 888 2095 939 ita
2120 886 2266 956 quod
2289 885 2436 937 idem

434 972 601 1024 abbas
628 974 694 1026 de
718 975 949 1027 Torneia
967 975 1131 1044 jussit
1155 974 1568 1043 inquisicionem
1593 974 1725 1039 fieri,
1763 982 1947 1026 utrum
1980 973 2125 1025 idem
2151 972 2188 1025 J
2192 971 2434 1023 ohannes

432 1057 712 1126 culpabilis
738 1066 882 1110 esset
907 1059 974 1110 de
995 1059 1250 1111 societate
1270 1066 1325 1110 et
1348 1058 1648 1123 latrociniO,
1674 1059 1819 1111 unde
1855 1059 2000 1111 idem
2025 1056 2282 1127 probator
2306 1071 2432 1106 eum

429 1142 695 1210 apellavit.
794 1143 945 1195 Dicit
993 1143 1156 1196 etiam
1200 1144 1346 1195 idem
1390 1143 1555 1195 abbas
1618 1144 1685 1196 de
1727 1144 1910 1214 Burga
1973 1162 2069 1213 per
2125 1147 2431 1194 atornatum

431 1244 608 1291 suum,
635 1228 779 1296 quod
805 1236 932 1298 post
968 1229 1202 1298 apellum
1245 1229 1381 1280 illud
1405 1229 1772 1298 inprisonatus
1812 1230 1919 1282 fuit
1962 1230 2137 1281 dictus
2175 1225 2432 1297 probator

428 1312 573 1380 apud
600 1312 997 1382 Stangrundam
1017 1321 1072 1365 et
1087 1312 1162 1365 ibi
1182 1314 1339 1383 fregit
1353 1314 1561 1382 gaolam
1583 1322 1638 1366 et
1657 1316 1827 1367 evasit
1846 1334 2019 1385 usque
2035 1315 2103 1367 ad
2123 1330 2345 1384 parcum
2362 1309 2429 1360 de

431 1396 791 1466 Stangrunda,
812 1398 906 1451 ubi
923 1399 1028 1451 fuit
1053 1407 1260 1468 captuS‚
1279 1407 1333 1451 et
1357 1399 1414 1450 in
1441 1400 1689 1469 captione
1713 1401 1804 1453 illa
1822 1402 2156 1464 vulneratUS,
2180 1399 2257 1451 ita
2282 1394 2430 1466 quod

427 1482 563 1534 obiit
589 1484 655 1535 de
694 1485 922 1553 quadarn
946 1485 1102 1554 plaga
1143 1485 1233 1536 illa
1259 1485 1486 1537 mortali.
1562 1486 1638 1537 Et
1663 1487 1876 1556 quando
1902 1486 2067 1539 abbas
2108 1486 2174 1538 de
2199 1480 2431 1536 Torneia

423 1567 562 1619 vidit
587 1569 730 1637 quod
757 1569 822 1621 de
849 1569 1003 1639 plaga
1028 1570 1117 1621 illa
1143 1570 1423 1622 conualere
1448 1588 1559 1622 non
1584 1571 1782 1639 potuit,
1809 1571 2080 1623 commisit
2104 1588 2227 1623 eum
2267 1566 2428 1620 simul

424 1670 546 1705 cum
568 1654 810 1723 predicto
826 1656 863 1708 J
867 1656 1098 1720 ohanne,
1117 1655 1421 1708 vicecomiti
1442 1656 1815 1721 Huntedonie,
1832 1657 1924 1726 qui
1940 1675 2032 1710 eos
2049 1652 2423 1725 inprisonavit,

421 1738 478 1789 in
520 1758 623 1808 qua
655 1740 872 1808 prisona
911 1741 1055 1794 idem
1099 1740 1355 1810 probator
1381 1740 1533 1805 obiit,
1575 1749 1630 1793 et
1669 1742 1813 1810 quod
1846 1742 1922 1794 ita
1960 1741 2031 1793 sit
2073 1740 2230 1793 offert
2256 1739 2422 1790 disra-

420 1824 644 1889 tionare,
686 1825 827 1878 sicut
869 1827 1015 1878 curia
1055 1826 1489 1891 consideraverit,
1533 1834 1589 1879 et
1630 1828 1775 1880 unde
1821 1819 2118 1897 dampnum
2156 1826 2321 1878 habet
2355 1823 2423 1875 ad

419 1911 715 1963 valenciam
741 1912 814 1964 xl.
842 1931 1159 1977 marcarum,
1194 1920 1249 1964 et
1287 1912 1414 1965 inde
1458 1913 1710 1982 producit
1736 1921 1957 1978 sectam,
1977 1921 2078 1965 etc.
2153 1911 2230 1963 Et
2254 1909 2421 1962 abbas

418 1995 485 2046 de
525 1994 760 2048 Torneia
785 2015 882 2066 per
906 2005 1213 2049 atornatum
1256 2017 1415 2049 suum
1440 1999 1590 2051 venit
1633 2007 1689 2052 et
1733 1999 1988 2069 cognovit
2028 1997 2173 2067 quod
2200 1996 2417 2066 quidam

414 2081 662 2134 homines
690 2083 757 2134 de
783 2083 1199 2135 Normaniscros
1225 2084 1474 2136 hundred
1513 2085 1690 2154 questi
1726 2086 1943 2137 fuerunt
1981 2085 2047 2136 de
2088 2082 2279 2135 ovibus
2307 2080 2420 2133 suis

413 2167 603 2219 furatis
629 2175 685 2219 et
708 2167 1016 2220 habuerunt
1054 2169 1325 2237 quendam
1353 2169 1663 2234 Ricardum,
1705 2170 1797 2240 qui
1820 2178 2011 2239 postea
2051 2167 2270 2221 devenit
2294 2183 2419 2235 pro-

413 2250 585 2316 bator,
613 2258 668 2303 et
685 2252 852 2303 istum
878 2252 916 2305 J
919 2253 1187 2305 ohannem
1206 2253 1259 2304 in
1290 2254 1597 2323 suspicione
1624 2255 1690 2307 de
1723 2255 1866 2307 furto
1892 2254 2003 2319 illo,
2031 2261 2086 2305 et
2117 2252 2237 2304 illos
2265 2268 2421 2320 cepe-

414 2344 559 2401 runt,
586 2345 640 2388 et
665 2337 1013 2390 detinuerunt
1049 2338 1102 2389 in
1132 2339 1370 2407 prisona,
1410 2358 1692 2409 quousque
1731 2341 1876 2392 idem
1907 2339 2172 2392 Ricardus
2200 2336 2419 2390 devenit

413 2422 688 2491 probator,
723 2431 778 2474 et
803 2441 864 2474 ea
890 2423 955 2474 de
982 2441 1140 2475 causa
1165 2425 1397 2476 maxime
1435 2426 1580 2494 cepit
1603 2427 1785 2495 ipsum
1810 2426 1847 2479 J
1851 2426 2119 2478 ohannem
2146 2423 2269 2493 quia
2305 2440 2416 2474 non

413 2508 519 2559 fuit
542 2507 598 2558 in
624 2507 985 2577 francoplegio
1023 2509 1266 2578 alicujus.
1343 2511 1419 2561 Et
1438 2510 1562 2579 quia
1588 2512 1862 2580 predictus
1901 2511 2067 2562 abbas
2094 2511 2160 2562 de
2185 2508 2417 2561 Torneia

413 2611 511 2663 per
535 2605 843 2644 atornatum
884 2611 1043 2645 suum
1088 2595 1359 2662 cognovit,
1405 2596 1551 2664 quod
1589 2604 1813 2666 propter
1855 2597 2024 2648 solam
2052 2594 2414 2664 suspicionem

414 2698 506 2732 eos
550 2678 906 2748 inprisonavit
945 2678 1060 2731 sine
1104 2679 1280 2748 aliqua
1319 2689 1465 2732 secta
1514 2700 1701 2734 versus
1741 2700 1852 2747 eOS,
1893 2691 1947 2733 et
2007 2681 2122 2731 sine
2163 2697 2227 2731 eo
2266 2677 2414 2747 quod

412 2766 631 2816 fuerunt
658 2764 827 2816 saisiti
854 2764 919 2815 de
945 2764 1123 2833 aliquo
1149 2765 1609 2836 latrocini0,0epit
1629 2785 1721 2820 eos
1739 2775 1794 2819 et
1812 2765 2170 2836 inprisonavit
2184 2785 2199 2828 3
2239 2763 2414 2816 consi—

414 2850 658 2901 deratum
684 2856 768 2901 est
809 2850 952 2918 quod
978 2849 1143 2902 abbas
1170 2851 1236 2901 de
1260 2850 1490 2903 Torneia
1517 2851 1587 2902 sit
1611 2851 1664 2902 in
1709 2850 2073 2902 misericordia
2109 2849 2265 2920 regis,
2339 2850 2416 2901 Et

413 2934 687 2987 Robertus
734 2935 983 3005 CameyS,
1035 2936 1272 2988 serviens
1329 2936 1615 3001 hundredi,
1665 2936 1758 3006 qui
1807 2954 1901 2989 eos
1952 2935 2111 3004 cepit,
2166 2934 2414 2987 commit-

411 3020 546 3071 titur
570 3019 720 3087 gaole
735 3040 750 3084 3
790 3037 821 3070 a
845 3019 1033 3089 gayola
1057 3027 1247 3088 postea
1273 3020 1597 3073 deliberatus
1623 3039 1719 3091 per
1745 3021 2028 3090 episcopos
2073 3019 2196 3088 quia
2219 3020 2414 3071 verita-

411 3114 524 3157 tem
574 3105 844 3173 cognovit.
954 3105 1031 3156 Et
1068 3106 1106 3158 J
1110 3106 1350 3158 ohannes
1392 3106 1458 3158 de
1503 3107 1666 3177 Hely,
1717 3107 1809 3175 qui
1857 3105 2102 3158 interfuit
2151 3105 2411 3174 capcioni,

410 3190 540 3243 dicit
583 3191 726 3260 quod
771 3190 1024 3260 quicquid
1063 3191 1179 3260 ipse
1223 3191 1367 3257 fecit,
1417 3192 1544 3244 fecit
1586 3210 1683 3261 per
1719 3198 2034 3261 preceptum
2077 3189 2249 3259 ipsius
2299 3191 2410 3242 Ro-

408 3276 565 3342 berti,
608 3285 663 3330 et
704 3277 821 3346 ipse
873 3277 1142 3329 Robertus
1168 3278 1264 3329 has
1300 3277 1349 3329 ei
1374 3278 1756 3342 warentizavit,
1790 3285 1845 3329 et
1868 3277 1990 3329 ideo
2030 3276 2262 3346 quietUS.
2336 3278 2412 3329 Et

408 3362 445 3415 J
449 3363 688 3416 ohannes
715 3364 780 3415 de
811 3362 1039 3415 Gravele
1065 3370 1341 3415 atornatus
1386 3364 1613 3433 predicti
1653 3363 1861 3416 abbatis
1890 3364 1954 3416 de
1992 3363 2261 3415 Thorneia
2286 3381 2412 3432 cog-

407 3450 561 3505 novit
603 3450 746 3521 quod
791 3450 966 3505 dictus
1011 3449 1175 3503 abbas
1211 3450 1416 3503 audivit
1461 3451 1695 3520 apellum
1737 3450 1869 3502 illud
1897 3458 1950 3503 et
1975 3450 2108 3503 illud
2135 3451 2312 3503 tenuit
2352 3450 2408 3501 in
