2774 3952
1006 470 1358 506 CHRONICON
1391 472 1930 508 PETROBURGENSE.
2404 460 2467 506 51
2515 510 2519 515 ,

472 594 647 663 ipsam
673 594 870 647 curiam
903 595 1192 649 Cantuarie
1236 605 1382 650 certo
1410 598 1512 651 die.
1589 597 1804 653 Quibus
1845 597 1931 650 die
1975 604 2031 649 et
2072 595 2193 648 loco
2230 596 2472 665 partibus

472 680 757 733 antedictis
798 691 862 733 ut
912 701 1074 751 supra
1119 683 1558 753 comparentibus
1579 705 1595 748 3
1656 691 1906 753 porrecto
1954 682 2178 734 articulo
2214 681 2272 733 in
2317 700 2474 734 causa

472 767 854 835 appellacionis
894 769 1284 839 productisque
1325 788 1356 821 a
1396 770 1540 821 dicta
1579 776 1732 838 parte
1794 768 2100 838 appellante
2153 768 2474 837 quibusdam

472 852 704 905 testibus
731 854 799 906 ad
840 853 1201 923 probandum,
1247 862 1414 924 prout
1455 855 1623 906 moris
1649 862 1733 907 est
1776 854 1834 906 in
1877 854 2023 907 curia
2066 854 2156 906 illa
2181 853 2474 924 probanda,

471 954 570 1005 pro
596 937 832 990 tuicione
851 937 1234 1007 appellacionis
1256 939 1570 1008 optinenda,
1597 939 1812 991 demum
1845 958 2006 1009 super
2031 938 2474 991 attestacionibus

472 1040 658 1075 eorum
678 1023 1003 1094 pupplicatis
1020 1023 1204 1076 habita
1227 1025 1368 1077 inter
1387 1032 1567 1094 partes
1595 1025 1944 1078 altercacione
1960 1046 1975 1091 3
2004 1044 2127 1078 cum
2145 1025 2321 1077 dictus
2339 1024 2475 1075 Wil-

472 1107 664 1160 lelmus
684 1108 971 1180 Campyun
990 1109 1350 1178 perpenderet
1369 1111 1567 1162 dictam
1584 1118 1793 1180 partem
1819 1111 2181 1180 appellantem
2209 1109 2474 1161 sufficien-

473 1200 555 1244 ter
597 1193 854 1263 probasse
896 1213 999 1264 que
1044 1194 1101 1246 in
1145 1195 1264 1265 ipsa
1297 1196 1443 1248 curia
1487 1195 1778 1249 Cantuarie
1816 1196 1872 1248 in
1916 1197 2017 1248 hac
2057 1204 2208 1265 parte
2247 1194 2475 1265 probare

103 1273 430 1368 ssgpellacionis,
473 1278 806 1345 intendebat,
828 1281 1310 1355 (attestacionibus)
1347 1282 1591 1352 ejusdem
1618 1283 1785 1351 partis
1813 1283 2133 1352 appellantis
2160 1280 2475 1351 prenotatiS‚

185 1330 221 1380 ')
473 1363 599 1417 licet
615 1365 730 1418 sine
756 1366 988 1436 scriptiS‚
1015 1367 1211 1419 detulit
1237 1375 1292 1419 et
1311 1367 1485 1420 eidem
1512 1368 1652 1436 parti
1686 1368 1978 1437 appellanti
2003 1368 2059 1419 in
2093 1368 2344 1430 crastino,
2371 1384 2474 1435 qua

473 1458 718 1503 cantatur
754 1453 978 1507 “Quasi
1018 1454 1183 1505 modo
1221 1454 1445 1523 geniti,'’
1483 1454 1539 1505 in
1579 1454 1725 1506 curia
1770 1456 2016 1506 Romana
2054 1454 2195 1506 diem
2238 1451 2475 1522 prefixit,

471 1537 538 1587 ad
564 1537 869 1590 faciendum
913 1547 968 1591 et
991 1538 1361 1608 recipiendum
1405 1540 1462 1591 in
1503 1539 1782 1609 premissis
1825 1540 1971 1609 quod
2010 1539 2309 1609 postularet
2343 1538 2473 1590 ordo

469 1621 716 1675 racionis·
825 1623 1039 1678 Quibus
1091 1624 1353 1676 dilacione
1398 1642 1459 1676 ac
1502 1623 1800 1693 prefixione
1845 1624 2019 1688 factiS,
2075 1642 2331 1676 concessa
2372 1622 2475 1674 fuit

471 1707 653 1759 statim
685 1707 825 1761 dicte
850 1709 989 1778 parti
1009 1710 1303 1779 appellanti
1327 1710 1510 1775 tuiciO,
1536 1718 1700 1778 prout
1720 1709 1883 1762 moris
1906 1718 1989 1763 est
2014 1710 2157 1762 curie
2186 1708 2474 1762 Cantuarie

471 1794 759 1863 sepedicte,
786 1802 841 1848 et
865 1795 1104 1865 provisio
1130 1796 1271 1848 facta
1297 1797 1362 1848 de
1384 1796 1628 1848 Ecclesia
1649 1797 1715 1848 de
1734 1795 2007 1866 Cloptona
2033 1796 2178 1848 dicto
2199 1795 2473 1847 Willelmo

474 1878 743 1949 Campiun
788 1899 884 1950 per
927 1881 1243 1951 episcopum
1278 1883 1548 1951 prefatum
1594 1890 1649 1935 et
1694 1901 2028 1952 quecumque
2068 1901 2135 1934 ex
2176 1901 2237 1935 ea
2276 1882 2362 1935 vel
2403 1881 2472 1934 ob

471 1984 587 2017 eam
637 1967 1119 2020 fuere-subsecuta
1177 1968 1472 2020 extiterunt
1514 1986 1611 2037 per
1660 1968 1886 2020 eandem
1938 1968 2139 2020 curiam
2186 1967 2473 2019 Cantuarie

470 2049 707 2102 totaliter
743 2059 1010 2116 revocata,
1037 2070 1097 2104 ac
1131 2052 1281 2104 irrita
1305 2052 1663 2121 pronunciata
1702 2053 1973 2121 pendente
2007 2052 2242 2104 tuicione
2288 2070 2468 2120 supra·

470 2136 629 2187 dicta.
688 2136 1024 2205 Hujusmodi
1045 2156 1258 2207 quoque
1278 2138 1553 2190 revocacio
1574 2138 1628 2189 in
1648 2139 1869 2190 ecclesia
1895 2139 1960 2190 de
1989 2138 2258 2207 Cloptona
2283 2145 2338 2191 et
2356 2138 2472 2189 aliis

469 2219 660 2271 vicinis
704 2220 943 2272 ecclesiis
1003 2222 1320 2274 auctoritate
1372 2222 1512 2274 dicte
1540 2223 1708 2275 'curie
1769 2222 2056 2275 Cantuarie
2105 2223 2210 2275 fuit
2257 2223 2471 2292 puplice

470 2306 715 2374 exposita
740 2325 800 2358 ac
826 2306 1113 2375 puplicata.

542 2391 618 2442 Et
659 2390 734 2442 sic
778 2391 846 2442 ad
896 2391 1097 2443 curiam
1131 2392 1432 2444 Romanam
1477 2401 1562 2445 est
1612 2411 1774 2463 super
1814 2394 2038 2463 negocio
2082 2394 2325 2463 predicto
2355 2395 2469 2463 jam

469 2483 808 2545 perventum,
859 2476 926 2527 ad
978 2494 1136 2546 quam
1189 2477 1390 2529 curiam
1442 2477 1642 2529 missus
1692 2478 1795 2529 fuit
1844 2478 2099 2548 magister
2144 2479 2468 2532 Lambertus

471 2563 535 2612 de
579 2562 913 2626 Fiskertone,
953 2571 1008 2614 et
1052 2563 1362 2614 consultum
1406 2563 1509 2614 fuit
1553 2564 1602 2615 ei
1645 2571 1707 2615 ut
1733 2573 1857 2616 ante
1896 2564 2077 2616 omnia
2114 2565 2389 2618 resisteret
2413 2567 2470 2618 in

468 2648 614 2699 curia
641 2649 886 2700 Romana
924 2667 992 2701 ne
1037 2649 1320 2718 negocium
1364 2650 1666 2719 predictum
1699 2650 1755 2701 in
1794 2650 1912 2720 ipsa
1950 2651 2095 2702 curia
2133 2658 2468 2705 tractaretur.

464 2734 605 2785 Tum
646 2734 770 2803 quia
812 2753 923 2786 non
974 2743 1058 2787 est
1102 2754 1132 2786 a
1176 2735 1487 2804 provisione
1536 2737 1676 2787 facta
1725 2736 2089 2805 principaliter
2139 2738 2466 2807 appellatum

467 2820 560 2870 sed
599 2839 630 2871 a
672 2822 978 2889 gravamine
1014 2822 1336 2874 cassacionis
1377 2822 1758 2890 exceptionum
1798 2821 2159 2891 predictarum
2203 2823 2379 2892 primo
2414 2834 2468 2877 et

464 2904 827 2973 principaliter
846 2905 1177 2974 appellatum
1205 2907 1423 2970 existit3
1454 2915 1571 2958 tum
1599 2907 1760 2958 etiam
1783 2907 1906 2975 quia
1933 2907 2135 2959 delacio
2163 2916 2217 2960 et
2243 2909 2465 2978 prefixio

464 2990 703 3058 predicte
736 3008 847 3042 non
873 2991 929 3042 in
955 2990 1075 3060 ipso
1110 2991 1221 3044 ictu
1247 2992 1630 3061 appellacionis
1656 2992 1953 3061 interjecte,
1985 3012 2045 3045 ac
2084 3013 2259 3046 coram
2284 2996 2466 3064 judice

464 3093 494 3125 a
520 3093 626 3144 quo
665 3076 994 3144 appellatum
1032 3085 1133 3142 est,
1180 3077 1274 3129 sed
1317 3095 1414 3146 per
1451 3095 1704 3145 magnum
1749 3077 2089 3130 intervallum
2129 3088 2334 3149 postea,
2369 3100 2464 3150 per

463 3177 706 3213 mensem
762 3170 817 3213 et
865 3163 1112 3231 amplius,
1165 3181 1342 3215 coram
1404 3163 1606 3215 decano
1658 3164 1723 3214 de
1794 3163 2046 3216 Arcubus
2098 3165 2150 3216 in
2205 3167 2461 3219 exercicio

465 3262 622 3297 cause
671 3247 1050 3316 appellacionis
1093 3266 1192 3318 pro
1237 3248 1476 3318 predicta
1520 3249 1754 3301 tuicione
1804 3250 2114 3319 optinenda,
2154 3261 2208 3304 et
2245 3270 2300 3303 re
2350 3271 2460 3304 non

463 3330 670 3398 integra
717 3332 982 3386 existente
1025 3344 1153 3403 post
1197 3335 1588 3388 discussionem
1638 3334 1807 3404 ipsius
1852 3337 2232 3405 appellacionis
2268 3356 2459 3402 cause3

466 3423 521 3466 et
561 3414 630 3466 ob
669 3416 796 3468 alias
834 3419 1074 3475 raciones
1114 3439 1245 3489 quas
1287 3421 1463 3472 dictus
1515 3421 1767 3490 magister
1816 3422 1872 3472 in
1923 3422 2020 3473 hac
2071 3430 2220 3491 parte
2269 3422 2461 3476 viderit
