2774 3952
64 1469 126 1522 (f.
147 1471 316 1511 lxxxiii.
333 1470 411 1525 ro.)

63 1545 122 1582 De
141 1547 317 1596 scutagio

61 1611 257 1639 concesso.

154 2504 411 2544 M⁰cclxxix⁰.

64 2578 123 2616 De
142 2578 168 2616 J
171 2580 283 2616 udeis

62 2634 183 2682 captis
201 2638 359 2682 propter

63 2692 263 2724 tonsuram

62 2746 230 2780 monete.

970 395 1326 431 CHRONICON
1370 395 1914 431 PETROBURGENSE.
2371 381 2438 428 29

427 521 686 591 assignati
730 522 1154 585 consuetudines
1197 530 1253 574 et
1292 521 1531 586 servicia,
1577 539 1680 590 que
1735 521 1800 572 ad
1842 517 2084 589 predicta
2131 517 2234 569 tria
2282 519 2439 570 feoda

429 607 660 659 militum
687 607 979 677 pertinent,
1005 608 1242 660 totaliter
1279 616 1335 660 et
1371 608 1530 677 plene
1563 606 1760 659 facient
1784 605 1991 674 prefato
2018 602 2199 655 abbati
2225 611 2281 654 et
2319 621 2440 655 suc-

428 693 731 746 cessoribus
761 694 872 746 suis
898 694 954 746 in
980 702 1319 764 perpetuum.
1397 693 1556 745 Salva
1574 692 1780 761 prefato
1801 690 2051 758 Philippo
2078 696 2134 741 et
2150 689 2438 741 heredibus

430 780 542 831 suis
581 780 797 832 accione
840 799 937 832 sua
977 798 1101 849 erga
1140 779 1408 848 prefatum
1454 777 1706 829 abbatem
1747 784 1803 828 et
1836 793 2173 828 successores
2201 794 2326 826 suos
2352 776 2438 827 vel

427 865 560 917 alios
602 872 870 930 tenenteS,
897 865 943 917 si
983 865 1076 934 qui
1118 864 1339 928 fuerint,
1385 863 1478 932 qui
1518 870 1741 915 teneant
1781 871 1948 913 terras
1991 879 2087 913 seu
2127 869 2439 913 tenementa

429 968 657 1019 quorum
684 949 907 1002 servicia
934 950 1002 1000 ad
1035 949 1307 1018 prefatum
1345 947 1656 1018 Philippum
1697 955 1751 1000 et
1789 947 2015 999 heredes
2062 965 2189 998 suos
2217 947 2283 999 de
2315 947 2437 1015 jure

429 1035 662 1087 debeant
710 1033 996 1103 pertinere,
1047 1033 1114 1085 de
1165 1032 1360 1102 quibus
1422 1034 1578 1085 terris
1637 1041 1692 1085 et
1747 1032 2074 1085 tenementis
2130 1032 2247 1101 ipse
2296 1032 2438 1083 inter

429 1120 677 1173 abbatem
705 1128 761 1172 et
797 1127 1046 1172 tenentes
1088 1119 1297 1171 medius
1338 1137 1455 1172 esse
1482 1119 1694 1183 debeat,
1734 1127 1899 1189 prout
1940 1119 2006 1171 de
2039 1119 2160 1188 jure
2186 1118 2262 1170 eis
2290 1137 2435 1170 com-

431 1214 614 1275 petere
640 1205 829 1275 possit.
907 1205 992 1256 Ita
1017 1212 1197 1256 tamen
1226 1205 1370 1274 quod
1397 1205 1442 1257 si
1468 1205 1672 1275 aliquas
1699 1215 1867 1258 terras
1895 1223 1992 1256 seu
2017 1212 2326 1256 tenementa
2351 1204 2436 1255 vel

433 1292 654 1345 servicia
679 1291 971 1366 eorundem
999 1290 1307 1343 tenencium
1346 1291 1403 1342 in
1439 1310 1566 1343 casu
1600 1292 1842 1361 predicto
1883 1290 2330 1361 recuperaverint,
2369 1291 2432 1341 ad

434 1386 634 1430 sectam
660 1377 804 1430 curie
829 1395 925 1446 per
951 1384 1284 1428 attornatum
1319 1396 1478 1429 suum
1503 1378 1747 1430 facienda
1773 1384 2060 1430 teneantur
2084 1395 2184 1446 pro
2211 1376 2434 1428 eisdem.

506 1468 528 1528 l
557 1464 682 1515 Hoc
707 1480 850 1515 anno
885 1461 1154 1515 concessit
1179 1462 1434 1514 dominus
1460 1480 1556 1515 rex
1586 1463 1904 1531 scutagium,
1931 1470 1986 1514 et
2009 1462 2195 1532 posuit
2221 1470 2435 1513 scutum

432 1548 500 1600 ad
526 1547 876 1617 quadraginta
896 1548 1116 1600 solidos
1191 1548 1268 1599 Et
1286 1548 1645 1618 perquisitum
1665 1556 1748 1600 est
1765 1548 1929 1600 breve
1945 1547 2152 1601 domini
2175 1547 2314 1616 regis
2332 1547 2433 1598 sub

431 1633 533 1685 hac
558 1632 733 1684 forma
753 1652 843 1683 :—

502 1722 538 1748 “
553 1718 871 1781 Edwardus,
899 1716 1008 1769 Dei
1031 1717 1201 1786 gratia
1228 1718 1346 1769 Rex
1370 1718 1581 1787 Anglie,
1610 1718 1881 1771 Dominus
1911 1717 2192 1782 Hibernie,
2224 1726 2279 1770 et
2304 1719 2433 1770 Dux

426 1803 738 1874 Aquitanie,
755 1803 1077 1856 Vicecomiti
1094 1804 1453 1865 Ledecestrie‚
1476 1805 1723 1858 salutem.
1780 1804 1924 1858 Quia
1945 1804 2172 1857 dilectus
2200 1804 2356 1856 nobis
2377 1805 2433 1855 in

429 1891 648 1943 Christo
673 1889 860 1942 Abbas
902 1890 968 1942 de
1013 1890 1196 1959 Burgo
1239 1890 1412 1942 sancti
1456 1891 1603 1942 Petri
1642 1890 1806 1943 finem
1835 1891 1963 1943 fecit
2005 1890 2290 1942 nobiscum
2334 1909 2432 1959 pro

429 1976 653 2029 servicio
688 1995 786 2028 suo
826 1976 884 2027 in
925 1975 1163 2027 exercitu
1204 1985 1391 2028 nostro
1422 1976 1633 2041 Wallie,
1659 1995 1801 2028 anno
1827 1977 1979 2046 regni
2004 1976 2177 2028 nostri
2212 1992 2309 2039 v0.,
2334 1976 2434 2027 tibi

427 2062 765 2130 precepimus
793 2061 939 2130 quod
965 2060 1139 2112 eidem
1181 2059 1364 2111 abbati
1406 2060 1603 2112 habere
1630 2061 1791 2112 facias
1821 2061 2122 2129 scutagium
2167 2079 2327 2112 suum
2366 2062 2433 2114 de

431 2146 602 2198 feodis
623 2145 855 2196 militum
877 2161 982 2212 que
1009 2144 1074 2196 de
1102 2162 1166 2196 eo
1192 2153 1450 2196 tenentur
1474 2145 1529 2196 in
1558 2145 1753 2198 balliva
1778 2154 1889 2209 tua,
1910 2146 2179 2210 videlicet,
2208 2147 2434 2214 quadra-

430 2231 578 2299 ginta
604 2230 804 2282 solidos
832 2230 898 2281 de
926 2237 1098 2293 scut0,
1118 2247 1216 2298 pro
1238 2230 1476 2281 exercitu
1503 2239 1690 2283 nostro
1706 2231 1964 2300 predicto.
2043 2232 2118 2283 Et
2133 2232 2236 2283 hoc
2262 2232 2434 2283 nulla-

431 2327 590 2370 tenus
635 2316 916 2369 omittatis·
990 2316 1154 2367 Teste
1194 2316 1400 2385 meipso
1446 2318 1590 2386 apud
1618 2318 2170 2371 Westmonasterium
2196 2318 2304 2370 iii0.
2346 2318 2432 2369 die

434 2402 780 2466 NovembriS,
807 2419 952 2453 anno
979 2401 1128 2470 regni
1155 2402 1329 2453 nostri
1357 2403 1563 2454 sext0.''

508 2489 633 2540 Hoc
675 2506 818 2539 anno
862 2486 1027 2539 Judei
1076 2486 1309 2539 convicti
1351 2487 1418 2539 de
1467 2495 1693 2540 tonsura
1733 2497 1950 2541 monete
1991 2489 2242 2558 suspensi
2289 2497 2433 2553 sunt,

434 2575 618 2644 paucis
662 2581 883 2643 propter
927 2584 1135 2625 metum
1180 2573 1247 2624 ad
1277 2573 1440 2625 fidem
1486 2575 1780 2627 conversis·
1855 2576 1931 2626 Et
1956 2575 2113 2627 multi
2140 2575 2434 2627 Christiani

433 2659 665 2713 convicti
690 2660 757 2711 de
782 2658 1052 2712 escambio
1070 2667 1287 2712 monete
1314 2678 1436 2711 cum
1463 2660 1500 2712 J
1503 2661 1673 2726 udeiS,
1690 2660 1922 2730 graviter
1947 2661 2218 2713 amerciati
2245 2670 2389 2713 sunt.

506 2746 646 2798 Item
673 2746 778 2798 hoc
816 2764 959 2797 anno
1001 2745 1138 2797 obiit
1177 2745 1266 2815 pie
1312 2747 1570 2798 memorie
1614 2747 1868 2799 dominus
1913 2747 2187 2799 Walterus
2225 2747 2434 2800 Giffard

431 2833 866 2903 archiepiscopus
906 2832 1170 2896 Eborum,
1216 2833 1302 2884 cui
1330 2834 1592 2886 successit
1633 2834 1886 2903 magister
1912 2834 2219 2886 Willelmus
2246 2834 2433 2887 Wike-

429 2918 596 2982 wake,
623 2919 914 2970 canonicus
941 2918 1184 2986 ejusdem
1212 2918 1452 2970 ecclesie.

503 3004 643 3056 Item
668 3005 772 3056 hoc
797 3022 939 3056 anno
966 3005 1128 3055 frater
1156 3003 1427 3056 Robertus
1467 3004 1534 3056 de
1563 3004 1861 3075 Kylwarby
1900 3005 1966 3058 de
1994 3005 2182 3058 ordine
2207 3007 2432 3058 fratrum

429 3089 844 3157 predicatorum,
886 3088 1322 3158 archiepiscopus
1370 3090 1678 3154 Cantuarie,
1704 3091 1878 3142 factus
1923 3098 2008 3143 est
2052 3091 2332 3143 cardinalis
2376 3091 2431 3142 in

431 3173 575 3225 curia
595 3175 839 3226 Romana
857 3193 954 3244 per
981 3175 1295 3226 mandatum
1322 3175 1528 3227 domini
1547 3194 1686 3245 pape
1703 3176 1987 3243 Nicholai3
2027 3185 2082 3229 et
2107 3196 2202 3246 per
2228 3178 2430 3228 donum

431 3258 674 3326 ejusdem
727 3277 860 3328 pape
910 3260 1072 3312 frater
1121 3261 1158 3313 J
1162 3261 1402 3312 ohannes
1453 3260 1519 3312 de
1572 3261 1803 3313 Pecham
1855 3261 1921 3314 de
1972 3263 2158 3315 ordine
2208 3263 2430 3312 fratrum

434 3342 702 3395 minorum
729 3345 1246 3414 archiepiscopatum
1276 3347 1543 3415 prefatum
1572 3354 1655 3399 est
1680 3347 1926 3416 adeptus
