2774 3952
123 935 220 984 (fol.
244 950 280 977 c.
303 940 381 987 νο.)

471 439 537 499 74
1004 456 1359 493 οΗΒοΝιοοΝ
1405 459 1952 496 PETROBURGENSE.

487 582 621 635 acris
662 584 817 652 prati,
862 602 964 653 que
1013 584 1251 636 Thomas
1297 584 1362 636 de
1409 585 1780 649 Normanvile,
1820 584 2071 636 dominus
2117 586 2184 638 de
2224 586 2488 656 Emping-

486 668 630 732 ham,
680 668 857 720 tenuit
907 668 972 721 de
1024 663 1169 720 di‘cto
1223 669 1400 720 Petro.
1493 668 1570 719 Et
1621 667 1861 736 exceptis
1912 668 2124 732 wardiS‚
2173 669 2384 722 releviis
2436 679 2491 722 et

487 753 711 805 escaetis
761 772 884 805 cum
924 753 1231 816 acciderint,
1283 754 1349 805 de
1413 753 1668 805 omnibus
1712 751 1834 815 hiis,
1886 769 1989 820 que
2035 751 2286 803 dominus
2333 755 2490 824 Regi-

487 839 680 890 naldus
721 840 786 891 de
842 840 1154 903 Watervile,
1201 840 1460 892 Ricardus
1507 840 1572 891 de
1616 838 1953 903 wodecroft,
1994 845 2050 889 et
2093 838 2347 890 Johanna
2387 858 2490 909 que

489 924 592 975 fuit
608 943 742 976 uxor
762 926 1012 978 Nicholai
1033 926 1098 978 de
1118 930 1139 991 s
1158 926 1208 976 la
1230 926 1402 989 Mare,
1425 926 1490 977 de
1518 925 1661 977 dicto
1690 925 1850 976 Petro
1877 931 2187 989 tenuerunt,
2210 924 2274 976 de
2296 925 2490 994 quibus

489 1011 619 1063 dicti
648 1011 873 1063 Galfridi
905 1020 958 1064 et
986 1013 1186 1082 Roysia
1225 1012 1391 1064 nichil
1410 1011 1709 1076 habebunt,
1735 1011 1841 1062 nisi
1867 1019 2078 1062 tantum
2107 1029 2346 1062 annuum
2373 1013 2492 1064 red—

488 1097 660 1148 ditum
688 1115 875 1149 eorum
902 1116 1072 1167 usque
1111 1098 1179 1149 ad
1215 1098 1535 1167 legittimam
1563 1106 1760 1150 etatem
1793 1097 2021 1149 Galfridi
2047 1096 2143 1147 filii
2187 1105 2242 1148 et
2280 1097 2491 1149 heredis

487 1182 618 1234 dicti
646 1181 808 1247 Petri,
834 1200 932 1250 pro
960 1198 1049 1235 c-c.
1077 1182 1270 1234 marcis
1299 1182 1695 1251 sterlingorum,
1723 1183 1789 1234 de
1817 1182 2013 1252 quibus
2042 1176 2255 1234 solvent
2268 1181 2325 1234 in
2351 1184 2490 1235 festo

486 1268 853 1337 apostolorum
894 1267 1038 1320 Petri
1073 1275 1128 1319 et
1172 1268 1326 1318 Pauli
1353 1268 1742 1337 quinquaginta
1779 1287 2004 1334 marcaS,
2049 1268 2182 1321 etin
2222 1271 2360 1321 festo
2386 1271 2490 1320 As-

487 1353 817 1422 sumpcionis
867 1353 1023 1406 beate
1073 1353 1310 1423 Virginis
1369 1354 1587 1423 triginta
1641 1372 1865 1418 marcas,
1917 1362 1972 1407 et
2022 1355 2078 1406 in
2128 1355 2268 1407 festo
2320 1356 2490 1407 sancti

487 1439 771 1491 Michaelis
791 1439 1038 1507 proximo
1066 1448 1324 1509 sequente
1350 1448 1568 1492 centum
1597 1448 1652 1492 et
1681 1440 1874 1509 viginti
1911 1459 2136 1493 marcas,
2211 1442 2287 1492 Et
2311 1449 2491 1510 preter

484 1525 588 1577 hoc
632 1524 757 1576 dicti
789 1524 1064 1576 Galfridus
1104 1533 1158 1576 et
1199 1524 1401 1594 Roysia
1440 1525 1654 1577 solvent
1697 1526 1974 1577 annuatim
2018 1527 2175 1579 dictis
2216 1527 2397 1579 abbati
2435 1535 2491 1579 et

483 1611 776 1663 conventui
819 1618 874 1662 et
912 1628 1098 1663 eorum
1141 1610 1543 1663 successoribus
1589 1612 1773 1664 decem
1817 1611 1981 1664 libras
2025 1631 2124 1681 pro
2164 1613 2487 1665 tenementis

482 1697 739 1766 predictis
779 1715 950 1766 usque
994 1697 1061 1748 ad
1104 1697 1425 1766 legittimam
1466 1705 1665 1749 etatem
1710 1698 1939 1767 predicti
1982 1698 2196 1750 heredis
2241 1699 2309 1750 ad
2350 1699 2487 1750 duos

481 1782 610 1833 anni
635 1782 915 1846 terminOS‚
931 1781 1183 1834 videlicet
1198 1783 1264 1832 ad
1291 1783 1491 1833 festum
1510 1782 1681 1834 sancti
1710 1781 1996 1834 Michaelis
2024 1789 2244 1834 centum
2266 1783 2487 1847 solidos,

481 1876 535 1921 et
561 1869 628 1920 ad
656 1869 862 1920 Pascha
887 1876 1107 1921 centum
1136 1868 1356 1920 solidos,
1431 1869 1508 1920 Et
1547 1867 1592 1919 si
1625 1868 1853 1937 predicti
1883 1868 2159 1920 Galfridus
2187 1877 2243 1921 et
2270 1870 2488 1940 Roysia,

479 1955 566 2007 vel
592 1956 726 2007 alter
751 1973 958 2018 eorum,
984 1955 1040 2006 in
1082 1954 1356 2006 solucione
1394 1954 1754 2023 predictarum
1798 1955 2151 2006 ducentarum
2189 1973 2486 2007 marcarum

479 2040 726 2092 terminis
755 2040 1079 2110 supradictis
1105 2039 1163 2091 in
1201 2049 1320 2092 toto
1348 2041 1434 2092 vel
1470 2040 1527 2091 in
1553 2047 1706 2109 parte
1734 2040 2062 2104 defecerint3
2107 2041 2291 2092 licebit
2331 2041 2487 2094 dictis

479 2127 661 2179 abbati
688 2135 742 2179 et
768 2127 1062 2179 conventui
1088 2145 1277 2178 omnes
1313 2126 1581 2195 predictas
1621 2134 1790 2178 terras
1833 2134 1888 2178 et
1931 2134 2243 2179 tenementa
2281 2127 2489 2196 ingredi

478 2222 533 2265 et
558 2212 775 2282 pacifice
805 2210 1035 2264 retinere
1077 2230 1199 2263 cum
1225 2210 1492 2263 fructibus
1520 2210 1774 2263 omnibus
1800 2211 1853 2261 in
1883 2219 2025 2262 terra
2063 2219 2118 2264 et
2155 2220 2308 2263 extra
2346 2213 2487 2265 exis-

477 2300 737 2363 tentibuS,
789 2299 904 2350 sine
954 2297 1387 2351 contradiccione
1452 2315 1549 2348 seu
1605 2296 1798 2349 clamio
1843 2297 2111 2349 dictorum
2166 2297 2395 2350 Galfridi
2433 2307 2488 2352 et

480 2387 698 2455 Roysie‚
726 2393 780 2437 et
806 2385 966 2436 etiam
995 2385 1110 2436 sine
1135 2383 1549 2453 recuperacione
1589 2401 1686 2435 seu
1725 2384 2054 2453 repeticione
2093 2384 2318 2455 alicujus
2361 2404 2488 2455 pec-

481 2470 637 2522 cunie
677 2470 868 2520 solute.
944 2468 1002 2520 Si
1027 2486 1154 2520 vero
1182 2468 1459 2535 contingat
1485 2468 1693 2519 dictum
1723 2467 2029 2520 Galfridum
2055 2468 2227 2521 filiurn
2255 2477 2310 2522 et
2333 2470 2487 2523 here-

482 2556 604 2606 dem
644 2554 774 2605 dicti
815 2553 962 2605 Petri
998 2553 1137 2603 infra
1179 2561 1378 2604 etatem
1407 2553 1699 2617 decedere3
1746 2554 1906 2605 Petro
1945 2555 2107 2607 fratre
2152 2574 2249 2608 suo
2269 2557 2485 2625 juniore

482 2639 769 2709 superstite
786 2659 800 2703 3
841 2646 970 2690 tunc
996 2637 1294 2690 remanebit
1332 2637 1474 2689 dicta
1508 2638 1754 2689 custodia
1780 2657 1947 2707 penes
1975 2640 2148 2691 dictos
2178 2641 2484 2694 Galfridum

481 2731 536 2775 et
573 2723 830 2792 Roysiam
871 2735 966 2791 per
1005 2730 1219 2774 tantum
1261 2729 1496 2790 tempuS,
1524 2740 1630 2791 quo
1659 2722 1833 2774 dictus
1864 2723 2164 2789 Galfridus,
2191 2725 2236 2776 si
2261 2726 2484 2792 viveret,

481 2818 625 2863 esset
650 2810 807 2879 plene
835 2809 991 2861 etatis
1031 2809 1088 2860 in
1112 2809 1285 2860 forma
1304 2808 1562 2878 predicta.
1638 2809 1714 2860 Et
1738 2816 1865 2877 post
1889 2809 2023 2860 illud
2043 2817 2260 2879 tempus
2278 2811 2485 2865 dabunt

481 2895 611 2949 dicti
653 2895 927 2948 Galfridus
974 2902 1029 2947 et
1073 2894 1275 2966 Roysia
1317 2913 1416 2963 pro
1445 2894 1588 2946 dicta
1632 2894 1879 2946 custodia
1924 2895 2277 2965 quadraginta
2319 2897 2482 2950 libras

480 2982 757 3034 annuatim
808 2982 876 3034 ad
925 2981 1187 3034 terminos
1240 2980 1513 3050 predictos
1564 2998 1736 3049 usque
1799 2981 1866 3032 ad
1915 2981 2236 3049 legittimam
2286 2990 2483 3036 etatem

481 3069 645 3132 Petri,
670 3068 847 3119 fratris
875 3068 1004 3120 dicti
1032 3066 1261 3119 Galfridi
1281 3067 1533 3136 junioris.
1611 3067 1860 3135 Utroque
1899 3075 2081 3119 autem
2119 3067 2258 3119 infra
2284 3077 2483 3121 etatem

479 3153 789 3215 decedente,
839 3152 969 3203 dicti
1020 3150 1298 3204 Galfridus
1349 3159 1404 3203 et
1461 3151 1662 3221 Roysia
1710 3151 1878 3202 nichil
1925 3150 1982 3202 in
2035 3151 2178 3203 dicta
2239 3154 2484 3206 custodia

477 3239 706 3292 clamare
749 3238 836 3290 vel
875 3237 1084 3307 exigere
1124 3245 1400 3306 poterunt,
1444 3255 1544 3289 nec
1577 3237 1778 3307 aliquid
1819 3255 2149 3306 recuperare,
2177 3256 2273 3290 seu
2311 3257 2485 3292 reme-

477 3325 627 3378 dium
653 3342 841 3377 versus
869 3324 1042 3376 dictos
1081 3322 1334 3375 abbatem
1360 3331 1415 3375 et
1449 3333 1779 3376 conventum
1821 3330 1877 3376 et
1917 3341 2105 3376 eorum
2146 3343 2482 3378 successores

477 3411 602 3463 inde
640 3409 938 3463 habebunt.
1014 3409 1068 3461 N
1072 3426 1132 3462 ec
1156 3406 1342 3460 licebit
1368 3407 1526 3460 dictis
1554 3408 1802 3461 Galfrido
1829 3417 1885 3462 et
1910 3409 2110 3478 Roysie
2134 3410 2190 3462 in
2217 3409 2482 3479 aliquibus
