2774 3952
1000 466 1354 502 CHRONICON
1388 467 1929 504 PETROBURGENSE.
2399 458 2467 504 35
2523 515 2527 519 ,

105 593 209 630 Item
228 593 302 630 hoc
321 606 441 632 anno·
547 589 811 660 Magister
855 591 1153 644 Nicholaus
1199 593 1265 645 de
1305 593 1410 662 Ely
1437 593 1725 662 episcopus
1763 594 2046 646 Wintonie
2084 594 2335 646 universe
2361 613 2473 647 car-

102 667 326 758 ῐξέἰξυῗῐὲἰ
343 681 424 705 1¹¹³·
474 673 558 726 nis
583 674 726 727 viam
751 675 1023 745 ingressus
1050 686 1151 742 est,
1178 678 1265 730 cui
1285 678 1546 730 successit
1570 678 1822 731 dominus
1915 716 2471 731 .......

103 774 244 823 Torpel
262 775 337 812 fuit
356 776 425 812 ad-

103 828 292 875 quisitum
311 841 381 877 per

105 880 330 919 Elianoram

101 936 452 1027 fizgffiffinfflghe
642 969 905 1020 Placitum
924 974 1107 1021 contra
1130 968 1479 1020 Laurencium
1508 969 1570 1020 de
1594 969 1855 1022 Prestona
1882 971 1945 1022 de
1969 972 2154 1022 relevio
2180 971 2327 1022 sua*

102 1041 222 1079 Gamo
247 1055 277 1081 s,

101 1055 270 1134 *Magn
289 1103 422 1135 recent.
554 1095 678 1147 Hoc
702 1113 843 1146 anno
870 1113 993 1147 cum
1019 1101 1162 1146 esset
1187 1093 1445 1163 placitum
1470 1091 1526 1144 in
1553 1093 1698 1144 curia
1723 1093 1929 1146 domini
1967 1095 2105 1165 regis
2144 1114 2322 1148 coram
2357 1096 2474 1164 jus-

102 1223 142 1253 et
163 1162 456 1265 Βῗέξξοὲἳξζ·
482 1178 698 1231 ticiariis
723 1179 780 1231 in
807 1177 989 1231 Banco
1009 1179 1151 1231 inter
1171 1178 1454 1231 dominum
1474 1177 1724 1230 abbatem
1746 1178 1812 1230 de
1831 1179 2012 1249 Burgo
2038 1188 2093 1232 et
2113 1180 2474 1232 Laurencium

104 1270 290 1332 §ewardi
310 1231 448 1310 V1i310.
481 1263 548 1315 de
576 1264 835 1316 Prestona
861 1264 926 1316 de
951 1263 1149 1316 relevio
1176 1281 1275 1316 suo
1310 1263 1376 1315 de
1403 1270 1590 1332 quarta
1622 1271 1774 1333 parte
1811 1264 1974 1316 unius
2007 1264 2193 1316 militis
2220 1284 2377 1334 quam
2408 1265 2474 1316 de

99 1323 365 1426 Xfflfissendas
480 1347 673 1400 abbate
722 1355 872 1400 tenet
919 1347 977 1399 in
1016 1348 1354 1413 wodecroft,
1404 1355 1459 1400 et
1506 1366 1606 1417 pro
1656 1349 1931 1418 arreragiis
1982 1350 2244 1419 ejusdem,
2292 1349 2477 1401 ballivi

479 1433 685 1485 domini
709 1433 919 1486 abbatis
957 1434 1134 1486 averia
1150 1434 1392 1503 ejusdem
1413 1433 1719 1502 cepissent3
1764 1435 1984 1487 tandem
2018 1453 2198 1487 coram
2223 1436 2260 1488 J
2264 1436 2475 1488 ohanne

476 1519 542 1571 de
569 1520 808 1572 Luvetot
832 1528 888 1573 et
911 1520 1051 1590 Elya
1077 1521 1143 1573 de
1184 1520 1525 1589 Bekingham
1560 1518 1876 1589 justiciariis
1902 1519 2109 1571 domini
2148 1520 2286 1589 regis
2331 1520 2476 1590 apud

478 1606 716 1674 Burgum
742 1606 937 1675 legales
962 1606 1063 1658 viri
1082 1606 1250 1676 jurati
1274 1606 1528 1658 dixerunt
1569 1623 1666 1674 per
1706 1613 2101 1657 sacramentum
2129 1624 2306 1671 suum,
2333 1606 2477 1675 quod

104 1684 213 1734 (fol-
233 1688 358 1726 cxxxv.
380 1688 454 1740 7“’·)
476 1689 561 1741 die
588 1708 695 1759 quo
732 1690 1007 1760 predictus
1033 1695 1054 1756 l
1080 1690 1245 1743 abbas
1283 1691 1411 1744 fecit
1437 1690 1828 1742 districtionem
1855 1707 2017 1759 super
2040 1691 2309 1760 prefatum
2336 1691 2479 1742 Lau-

472 1775 731 1839 rencium‚
773 1775 918 1828 idem
957 1776 1289 1828 Laurencius
1326 1775 1612 1828 tenebatur
1643 1774 1692 1828 ei
1734 1774 1791 1826 in
1832 1774 2030 1827 relevio
2075 1794 2174 1828 suo
2205 1776 2347 1845 quod
2375 1775 2479 1827 fuit

469 1870 644 1915 aretro
671 1863 738 1915 de
763 1863 1005 1933 predicta
1030 1871 1219 1933 quarta
1243 1870 1396 1932 parte
1438 1861 1584 1915 feodi
1611 1860 1816 1926 militis,
1843 1861 1987 1930 quod
2015 1862 2082 1913 de
2108 1861 2301 1914 abbate
2327 1869 2478 1914 tenet

467 1949 524 2000 in
550 1949 676 2001 villa
700 1949 960 2019 predicta,
988 1957 1043 2001 et
1069 1949 1145 2002 sic
1170 1967 1268 2019 per
1286 1948 1555 2018 judicium
1580 1947 1790 2016 integre
1828 1948 2165 2017 recuperavit
2201 1948 2475 2017 predictus

468 2033 633 2086 abbas
675 2034 927 2087 seisinam
967 2035 1113 2087 feodi
1154 2033 1464 2104 supradicti,
1490 2041 1546 2085 et
1583 2033 1887 2102 judicatum
1928 2033 2032 2084 fuit
2070 2033 2215 2102 quod
2255 2032 2477 2084 haberet

467 2128 747 2173 returnum
773 2120 1074 2172 averiorum
1098 2120 1465 2189 predictorum
1492 2119 1664 2170 donec
1701 2118 1768 2169 de
1802 2118 2096 2187 arreragiiS,
2122 2117 2372 2170 videlicet
2409 2117 2475 2169 de

470 2206 560 2258 .xl.
595 2205 845 2270 denariiS,
871 2223 970 2274 pro
997 2213 1186 2274 quarta
1211 2212 1362 2273 parte
1398 2202 1624 2271 scutagii
1664 2210 1720 2254 et
1753 2220 1897 2254 ‚xxm
1940 2203 2126 2254 solidis
2154 2221 2250 2272 pro
2276 2202 2474 2254 relevio

470 2310 586 2356 suo,
612 2290 855 2360 predicto
882 2289 1064 2341 abbati
1089 2289 1329 2358 plenarie
1355 2289 1548 2340 fuisset
1574 2287 1927 2340 satisfactum.

241 2397 317 2447 (0)
544 2375 848 2428 Concordia
891 2375 1032 2427 facta
1067 2374 1209 2428 inter
1251 2374 1503 2427 abbatem
1548 2381 1604 2426 et
1642 2381 1905 2426 rectorem
1950 2373 2171 2426 ecclesie
2213 2374 2279 2426 de
2314 2374 2475 2427 Stan-

468 2462 660 2532 grund.

102 2565 203 2603 Item
223 2566 296 2602 hoc
315 2578 432 2603 anno.
542 2547 648 2600 Die
692 2547 947 2600 Mercurii
995 2546 1240 2616 proxima
1281 2554 1406 2598 ante
1449 2546 1650 2598 festum
1697 2544 1870 2597 sancti
1906 2544 2199 2610 Ambrosii,
2225 2546 2365 2598 facta
2390 2555 2474 2598 est

467 2633 752 2687 concordia
776 2632 917 2684 inter
955 2631 1233 2683 dominum
1276 2630 1565 2682 Ricardum
1604 2629 1854 2682 abbatem
1882 2630 1948 2683 de
1975 2630 2159 2700 Burgo
2186 2639 2242 2683 et
2265 2631 2474 2684 Willel-

468 2738 617 2772 mum
661 2727 924 2771 rectorem
950 2716 1171 2769 ecclesie
1198 2716 1264 2769 de
1292 2716 1602 2786 Stangrund
1640 2734 1820 2768 coram
1848 2716 1886 2769 J
1890 2716 2102 2768 ohanne
2143 2718 2209 2769 de
2236 2718 2475 2770 Luvetot

466 2813 522 2858 et
565 2805 703 2875 Elya
743 2804 809 2856 de
854 2803 1192 2871 Bekingham
1230 2801 1542 2871 justiciariis
1582 2802 1728 2872 apud
1770 2802 2096 2872 Stangrund,
2136 2803 2202 2855 de
2244 2805 2474 2873 quadam

467 2898 816 2961 purprestura
842 2908 1002 2959 quam
1028 2888 1174 2940 idem
1201 2888 1508 2940 Willelmus
1533 2888 1661 2940 fecit
1686 2887 1904 2939 ibidem.
1979 2888 2056 2940 Et
2080 2895 2164 2940 est
2189 2890 2474 2941 concordia

467 2976 608 3040 talis,
631 2975 882 3029 videlicet
902 2975 1048 3044 quod
1071 2973 1346 3044 predictus
1372 2973 1538 3026 abbas
1564 2973 1832 3026 concessit
1867 2991 1966 3043 pro
1994 2992 2050 3026 se
2070 2982 2126 3027 et
2152 2975 2473 3028 successori-

466 3062 571 3114 bus
617 3061 728 3113 suis
754 3061 900 3130 quod
925 3060 1154 3130 quedam
1193 3059 1348 3128 haya,
1388 3077 1549 3127 quam
1573 3057 1823 3110 Albricus
1852 3058 2123 3127 quondam
2149 3078 2380 3128 persona
2407 3060 2472 3111 de

471 3148 780 3217 Stangrund
823 3145 1105 3216 plantavit,
1133 3152 1240 3196 stet
1265 3144 1458 3195 eodem
1484 3143 1648 3196 modo
1688 3162 1795 3212 quo
1822 3162 1938 3195 eam
1966 3143 2267 3212 plantavit3
2295 3151 2349 3195 et
2374 3162 2471 3212 pro

468 3232 570 3284 hac
608 3232 954 3284 concessione
997 3230 1273 3300 predictus
1300 3229 1607 3281 VVillelmus
1633 3247 1731 3298 pro
1759 3247 1816 3281 se
1842 3236 1896 3281 et
1923 3228 2322 3281 successoribus
2361 3228 2471 3279 suis

471 3317 735 3380 concedit,
761 3317 904 3386 quod
930 3316 1034 3386 ipsi
1061 3317 1127 3368 de
1166 3323 1342 3368 cetero
1381 3315 1544 3367 nichil
1585 3314 1929 3384 occupabunt
1960 3322 2111 3366 extra
2134 3315 2327 3383 hayam
2353 3331 2473 3381 pre-

473 3401 668 3454 dictam
706 3421 806 3455 nec
840 3410 1035 3455 terram
1073 3402 1275 3454 ibidem
1320 3400 1652 3465 exaltabunt,
1694 3401 1788 3454 sed
1827 3400 1872 3452 si
1909 3399 2084 3451 haiam
2123 3399 2266 3450 illam
2304 3398 2473 3450 velint
