2774 3952
1274 468 1606 503 APPENDIX.
2158 522 2161 523 ⁷
2336 452 2438 514 167
2473 480 2478 485 ·

442 592 586 631 solidos
603 596 644 630 et
659 591 702 631 .i.
723 591 924 630 marcham
943 593 994 631 de
1011 597 1190 643 argento.
1249 594 1311 632 De
1331 595 1520 633 Waltona
1540 606 1624 634 .xx.
1644 594 1790 632 solidos
1818 599 1859 632 et
1887 593 1977 633 .iiii.
1999 594 2154 632 modios
2180 594 2385 643 frumenti,
2410 601 2451 634 et

443 660 533 700 .iiii.
552 660 703 698 modios
722 661 856 699 brasii.
915 661 976 699 De
996 661 1170 700 Pihtesle
1191 662 1276 701 aii.
1297 663 1433 702 libras.
1493 663 1555 701 De
1586 663 1671 701 Eiae
1702 667 1742 701 et
1760 661 1937 701 Oxeneie
1957 674 2007 700 .c.
2029 662 2189 700 solidos.
2248 663 2309 700 De
2341 664 2449 702 Flet-

442 732 542 766 tuna
563 730 650 769 .iiii.
670 730 821 767 modios
839 730 1028 768 frumenti
1046 734 1087 768 et
1107 731 1195 770 .iiii.
1216 731 1370 770 modios
1396 732 1517 769 brasii
1545 735 1585 769 et
1610 731 1728 781 grud.
1784 730 1995 768 Ascelinus
2025 730 2075 767 de
2096 729 2344 768 Waltervilla
2365 744 2447 770 .xx.

442 797 577 836 libras.
634 798 837 836 Osbernus
855 798 1096 848 Praepositus
1113 804 1222 838 tenet
1241 804 1399 838 tantum
1419 800 1469 837 de
1494 800 1622 846 terris,
1643 799 1753 837 unde
1781 799 1915 836 reddit
1934 810 1988 837 .x.
2010 798 2156 836 solidos
2183 811 2254 848 per
2280 812 2447 838 annum.

444 864 671 904 VVillelmus
698 867 749 904 de
779 867 953 905 Burchle
983 879 1039 906 .x.
1071 868 1192 906 libras
1226 869 1277 905 de
1309 867 1514 907 stanford.
1583 867 1832 906 Grislebertus
1861 867 1980 904 debet
2010 867 2105 904 ,xlv.
2135 867 2280 905 solidos
2308 868 2358 905 de
2393 869 2451 906 .ii.

442 933 651 971 hundretis
665 934 715 971 de
730 933 977 983 Wapentach
989 934 1039 972 de
1055 934 1206 974 Burch.
1255 934 1447 972 Vivianus
1461 935 1579 972 debet
1595 934 1638 973 .i.
1652 934 1824 972 solidum
1839 934 1890 972 de
1907 947 1960 973 .v.
1977 934 2198 972 hundredis
2213 935 2264 972 de
2279 935 2451 973 Undele.

443 1001 664 1039 Gaufridus
685 1014 739 1040 .x.
760 1002 919 1040 solidos.

440 1137 585 1175 solidos
609 1143 649 1176 et
677 1138 763 1177 .iiii.
793 1138 987 1177 denarios.
1044 1138 1211 1176 Summa
1240 1139 1433 1176 frumenti
1463 1138 1555 1176 .lxv.
1588 1137 1741 1175 modios
1769 1137 1975 1176 frumenti.
2033 1137 2200 1175 Summa
2220 1139 2269 1176 de
2287 1141 2391 1189 grud
2412 1146 2452 1179 et

441 1205 571 1242 brasio
590 1205 731 1243 .xlviii.
752 1205 918 1243 modios.
976 1205 1142 1243 Summa
1159 1217 1283 1243 avene
1304 1206 1374 1244 .ix.
1395 1206 1562 1244 modios.
1621 1205 1788 1243 Summa
1806 1206 1916 1243 bladi
1934 1206 2040 1243 inter
2057 1210 2187 1244 totum
2210 1219 2260 1245 .c.
2282 1212 2321 1244 et
2339 1207 2449 1246 axii.

441 1273 608 1311 modios.
667 1273 721 1311 Et
738 1274 812 1311 hoc
830 1273 996 1310 bladum
1014 1274 1261 1323 appretiatur
1279 1278 1421 1322 quater
1442 1285 1524 1312 .xx.
1547 1278 1587 1312 et
1610 1274 1720 1312 .xvii.
1741 1274 1875 1320 libras,
1897 1278 1936 1311 et
1958 1274 2044 1312 ‚xii.
2066 1274 2225 1312 solidos.
2284 1275 2451 1312 Summa

443 1341 549 1379 inter
565 1346 696 1380 totum
714 1342 758 1378 in
779 1339 949 1379 denariis
968 1346 1008 1379 et
1026 1342 1156 1379 bladis
1177 1353 1274 1380 .ccc.
1295 1347 1335 1380 et
1356 1346 1513 1390 .quater
1533 1354 1615 1381 .xx.
1631 1342 1751 1379 libras
1770 1347 1809 1379 et
1826 1342 1921 1380 .xlv.
1935 1342 2080 1380 solidos
2098 1347 2137 1380 et
2151 1343 2237 1381 .iiii.
2255 1330 2452 1381 denarios,

75 1414 180 1465 (sol,
199 1413 293 1455 xiii,
313 1411 390 1466 ro.)
467 1405 474 1461 Ι
499 1408 666 1447 Summa
683 1410 924 1447 remanentis
941 1410 992 1447 ad
1012 1422 1111 1459 opus
1129 1411 1232 1460 regis
1255 1422 1329 1450 .cc.
1347 1414 1387 1448 et
1405 1411 1488 1448 ,xii.
1509 1410 1643 1455 libras,
1669 1414 1708 1448 et
1730 1423 1783 1448 .v.
1804 1410 1961 1458 solidos,
1980 1414 2020 1448 et
2038 1411 2126 1450 .iiii.
2146 1411 2342 1451 denarios.

502 1477 553 1515 In
572 1478 732 1516 abbatia.
749 1478 799 1514 de
820 1478 955 1528 Burgo
972 1482 1067 1516 sunt
1086 1478 1157 1516 ΛΚ.
1178 1478 1363 1516 monachi
1381 1479 1432 1515 ad
1451 1478 1616 1528 plenum
1634 1478 1784 1516 victum
1803 1478 2102 1518 monachorum.

502 1544 553 1582 In
572 1546 738 1595 pistrino
756 1546 1042 1584 monachorum
1060 1550 1154 1583 sunt
1174 1546 1232 1584 .ii.
1252 1546 1432 1595 pistores,
1452 1550 1491 1584 et
1509 1547 1658 1583 habent
1676 1546 1826 1584 victum
1844 1546 1996 1584 militis.
2054 1546 2107 1584 Et
2125 1559 2230 1584 unus
2249 1552 2457 1595 vannator‚

447 1613 518 1662 qui
535 1614 656 1652 habet
674 1614 823 1652 victum
851 1614 1002 1653 militis.
1060 1614 1114 1652 Et
1135 1615 1192 1653 .ii.
1213 1614 1282 1652 alii
1308 1614 1485 1664 pistores,
1513 1614 1585 1663 qui
1611 1614 1758 1652 cotidie
1784 1613 1935 1651 habent
1955 1614 2015 1653 .ii.
2034 1626 2158 1663 panes
2188 1615 2312 1663 albos,
2333 1621 2374 1654 et
2394 1616 2454 1655 .ii.

445 1680 550 1717 bisos
575 1692 669 1718 cum
695 1681 872 1719 cervisia.
930 1681 985 1718 Et
1005 1680 1064 1719 .ii.
1084 1685 1293 1728 caratores,
1312 1681 1383 1729 qui
1410 1681 1559 1717 habent
1578 1680 1664 1718 .iiii.
1683 1690 1806 1728 panes
1832 1679 1937 1717 bisos
1963 1691 2056 1717 cum
2085 1681 2262 1719 cervisia.
2320 1681 2374 1720 Et
2395 1682 2454 1720 .ii.

443 1817 657 1855 servientes
674 1817 796 1868 hujus
814 1817 979 1855 misterii
995 1817 1144 1854 habent
1162 1828 1234 1866 per
1250 1829 1403 1854 annum
1422 1817 1473 1854 de
1491 1817 1667 1854 solidatis
1691 1816 1829 1854 ,xxiiii.
1854 1816 1998 1854 solidos
2017 1821 2057 1854 et
2079 1817 2165 1855 .iiii.
2187 1818 2383 1858 denarios.

499 1886 551 1923 In
576 1886 739 1924 bracino
768 1885 1055 1924 monachorum
1074 1889 1132 1922 est
1151 1885 1192 1923 .i.
1213 1884 1444 1922 bracharius
1462 1884 1532 1935 qui
1552 1885 1672 1922 habet
1691 1884 1841 1921 vietum
1860 1884 2011 1922 militis.
2070 1884 2123 1922 Et
2142 1889 2335 1923 caratores
2353 1886 2454 1936 ligni

444 1953 516 2002 qui
544 1952 695 1990 habent
725 1952 812 1992 .iiii.
833 1963 956 2001 panes
986 1951 1090 1989 bisos
1121 1963 1215 1988 cum
1244 1951 1420 1989 cervisia.
1479 1951 1534 1988 Et
1565 1951 1639 1988 .iii.
1672 1950 1885 1988 servientes
1913 1962 2109 1998 aquarum
2141 1950 2290 1989 habent
2319 1952 2361 1989 in
2383 1954 2451 1992 .vi.

444 2021 676 2059 ebdomadis
695 2021 768 2059 .iii.
789 2020 933 2068 sallops
952 2020 1003 2057 de
1030 2019 1273 2058 mancordia.
1332 2019 1385 2056 Et
1417 2019 1460 2056 in
1492 2019 1668 2057 solidatis
1697 2019 1812 2056 istius
1840 2019 2004 2056 misterii
2026 2018 2122 2057 .xvi.
2142 2019 2286 2057 solidos
2303 2026 2344 2058 et
2362 2021 2451 2060 .iiii.

444 2090 642 2128 denarios.
699 2087 866 2126 Summa
883 2087 1138 2124 servientium
1160 2087 1229 2126 .vi.

501 2157 552 2194 In
570 2157 742 2206 coquina
760 2156 1045 2193 monachorum
1067 2155 1110 2193 .i.
1132 2155 1319 2204 magister
1344 2166 1475 2202 cocus,
1495 2155 1565 2203 qui
1593 2155 1713 2193 habet
1731 2155 1880 2192 victum
1906 2155 2057 2193 militis.
2115 2155 2169 2193 Et
2195 2155 2296 2193 alter
2321 2167 2452 2203 cocus,

446 2225 516 2275 qui
535 2224 655 2262 habet
672 2224 820 2261 victum
847 2223 997 2260 militis.
1054 2222 1108 2260 Et
1129 2222 1187 2261 .ii.
1208 2222 1389 2260 homines
1416 2222 1637 2259 deferentes
1665 2222 1787 2271 ligna,
1809 2222 1880 2270 qui
1907 2222 2055 2259 habent
2076 2223 2162 2261 .iiii.
2184 2234 2306 2272 panes
2332 2223 2450 2262 bisos.

448 2292 502 2330 Et
521 2293 684 2341 quidam
711 2292 830 2330 homo
849 2291 1039 2341 colligens
1065 2291 1207 2329 discos.
1264 2290 1318 2328 Et
1345 2291 1510 2339 quidam
1540 2291 1658 2328 homo
1687 2291 1757 2339 qui
1790 2290 1941 2339 colligit
1960 2303 2044 2337 ova,
2065 2291 2136 2339 qui
2165 2291 2285 2328 habet
2317 2291 2359 2328 in
2381 2292 2450 2330 .vi.

447 2360 676 2397 ebdomadis
697 2359 740 2398 .i.
756 2358 880 2408 sallop
900 2359 950 2395 de
969 2358 1176 2396 mancord.
1235 2357 1288 2395 Et
1307 2357 1471 2406 quidam
1491 2357 1561 2406 qui
1580 2357 1674 2394 facit
1692 2357 1945 2406 pulmentum
1972 2357 2257 2394 monachorum
2277 2362 2316 2394 et
2333 2358 2453 2396 habet

75 2424 175 2478 (fol.
192 2424 284 2466 xiii.
301 2422 379 2478 νο.)
446 2428 697 2466 tantumdem
730 2427 855 2466 bladi.
912 2425 1078 2464 Summa
1111 2426 1193 2465 .vii.
1248 2425 1302 2464 Et
1331 2426 1374 2463 in
1407 2426 1584 2464 solidatis
1616 2426 1729 2463 istius
1753 2422 1761 2478 Ι
1784 2425 1950 2463 misterii
1988 2426 2082 2464 ,xvi.
2115 2426 2260 2463 solidos
2291 2431 2331 2464 et
2360 2427 2450 2466 .iiii.

445 2497 642 2535 denarios.

499 2565 550 2602 In
576 2564 754 2604 aecclesia
779 2568 874 2602 sunt
894 2564 953 2602 .ii.
983 2563 1207 2612 servientes,
1227 2563 1298 2612 qui
1329 2563 1479 2601 habent
1510 2563 1598 2602 .iiii.
1628 2574 1750 2612 panes
1781 2562 1926 2600 cotidie
1959 2573 2053 2599 cum
2081 2561 2258 2600 cervisia.
2316 2561 2370 2600 Et
2388 2562 2453 2600 isti

441 2636 537 2670 sunt
554 2632 606 2669 ad
624 2631 812 2670 solidatas
829 2630 1058 2680 segrestani.

500 2699 551 2736 In
578 2699 748 2736 sartrino
778 2701 874 2735 sunt
895 2697 952 2736 .ii.
973 2700 1214 2744 sartratores,
1234 2697 1305 2745 qui
1340 2696 1491 2734 habent
1522 2696 1565 2733 in
1588 2696 1653 2734 .vi.
1674 2695 1907 2734 ebdomadis
1927 2694 1986 2733 .ii.
2006 2694 2150 2744 sallops
2182 2694 2306 2742 bladi,
2335 2699 2374 2732 et
2393 2696 2449 2734 .ii.

444 2767 639 2815 homines,
659 2767 730 2816 qui
753 2766 926 2804 abluunt
952 2777 1118 2814 pannos,
1138 2765 1208 2814 qui
1242 2765 1285 2802 in
1314 2764 1379 2802 die
1406 2764 1556 2802 habent
1586 2764 1674 2803 .iiii.
1703 2775 1825 2812 panes
1855 2775 1949 2800 cum
1980 2762 2158 2801 cervisia.
2216 2762 2269 2800 Et
2288 2763 2452 2811 quidam

444 2836 564 2873 homo
596 2836 667 2884 qui
695 2835 810 2872 affert
841 2834 963 2883 ligna,
997 2837 1037 2871 et
1067 2833 1189 2870 habet
1223 2832 1279 2871 .ii.
1311 2843 1434 2881 panes
1461 2843 1554 2869 cum
1574 2830 1737 2868 cervisia
1764 2830 1806 2866 in
1826 2829 1905 2867 die.
1964 2828 2019 2866 Et
2039 2828 2082 2867 .i.
2103 2829 2358 2875 corvesarius,
2379 2831 2451 2879 qui

445 2904 565 2942 habet
586 2904 644 2942 .ii.
664 2915 786 2953 panes
803 2903 847 2940 in
875 2903 941 2940 die
964 2914 1058 2940 cum
1092 2901 1270 2940 cervisia.
1329 2901 1383 2938 Et
1414 2900 1627 2938 servientes
1655 2899 1778 2948 hujus
1809 2897 1975 2935 misterii
2005 2901 2099 2934 sunt
2116 2897 2168 2935 ad
2197 2897 2382 2935 solidatas
2401 2898 2451 2935 de

445 2983 601 3010 camera
618 2972 919 3010 monachorum.
977 2970 1032 3008 Et
1050 2971 1197 3008 debent
1215 2970 1360 3006 habere
1382 2969 1506 3007 .xviii.
1527 2968 1672 3005 solidos
1690 2971 1729 3004 et
1750 2967 1808 3006 .ii.
1830 2965 2026 3004 denarios.

451 3244 599 3280 debent
625 3242 771 3280 habere
805 3242 856 3280 de
891 3243 1066 3281 solidatis
1101 3242 1188 3280 .iiii.
1225 3241 1384 3279 solidos.
1443 3239 1496 3277 Et
1527 3238 1699 3276 serviens
1731 3237 1878 3274 infirmi
1909 3237 2092 3274 monachi
2125 3236 2182 3274 .ii.
2220 3235 2363 3273 solidos
2400 3237 2451 3273 de

451 3309 642 3350 solidatis.
698 3309 752 3347 Et
769 3309 998 3348 refectarius
1013 3311 1134 3348 habet
1162 3310 1311 3348 victum
1330 3308 1466 3346 militis
1484 3312 1524 3346 et
1544 3308 1632 3346 .iiii.
1652 3306 1797 3345 solidos
1815 3306 1865 3343 de
1882 3304 2072 3342 solidatis.
2131 3303 2184 3340 Et
2210 3303 2453 3342 curtillarius

453 3380 572 3418 debet
597 3378 743 3416 habere
777 3377 820 3417 .i.
851 3389 1035 3427 sceppam
1066 3378 1176 3416 bladi
1208 3382 1249 3416 et
1269 3378 1328 3417 .ii.
1357 3377 1502 3416 solidos
1526 3376 1578 3414 de
1606 3374 1797 3414 solidatis.
1857 3373 1909 3410 Et
1941 3371 2143 3421 porcarius
2173 3371 2231 3409 .ii.
2260 3383 2382 3420 panes
2406 3372 2448 3408 in
