2774 3952
489 401 589 447 134
1016 410 1372 446 cHRoNIcON
1402 411 1943 447 PETROBURGENSE.

485 535 629 589 bona
653 543 839 589 nostra
864 543 919 588 et
944 535 1258 589 monasterii
1282 535 1473 599 nostri,
1517 553 1578 587 ac
1605 552 1942 587 successores
1967 542 2203 601 nostr08‚
2239 537 2484 590 Romane

485 621 707 674 ecclesie
757 628 812 673 et
861 629 1000 673 terre
1051 627 1252 672 sancte.
1327 620 1403 671 Et
1442 627 1506 671 ut
1547 619 1606 670 in
1650 618 1929 688 premissis
1969 618 2180 688 plenior
2222 621 2481 673 securitas

483 705 746 758 habeatur
760 726 775 770 3
819 713 1013 775 sponte
1038 704 1407 774 promittimus
1433 711 1488 756 et
1511 721 1774 755 vovemus
1801 702 1926 754 dare
1951 719 2051 771 pro
2077 702 2318 756 subsidio
2343 712 2483 757 terre

484 798 668 843 sancte
717 789 1103 860 quinquaginta
1151 789 1313 842 libras
1355 807 1455 858 pro
1502 787 1726 858 singulis
1777 786 2074 852 mensibUS,
2120 786 2316 856 quibus
2352 797 2483 858 post

481 875 894 945 requisicionem
930 875 1226 944 predictam
1267 874 1616 927 defecerimus
1660 873 1718 925 in
1760 872 2058 942 premissis,
2135 872 2203 924 In
2255 890 2483 941 quorum

483 961 726 1013 omnium
753 961 1127 1014 testimonium
1163 961 1261 1013 has
1301 961 1508 1012 litteras
1550 966 1764 1011 nostras
1807 958 1925 1010 fieri
1964 957 2191 1011 fecimus
2216 966 2482 1028 patenteS,

483 1052 585 1097 etc.
659 1045 868 1096 Datum
893 1052 949 1096 et
973 1053 1155 1096 actum
1179 1045 1237 1095 in
1264 1045 1500 1114 capitulo
1526 1051 1733 1108 nostro,
1779 1043 1865 1095 die
1907 1043 2105 1095 Martis
2145 1043 2204 1094 in
2249 1043 2482 1096 crastino

480 1129 938 1182 Annunciacionis
966 1129 1253 1194 dominice,
1278 1148 1421 1182 anno
1447 1129 1675 1181 Domini
1701 1130 1916 1182 M⁰.cc⁰.
1943 1129 2274 1198 octogesimo
2310 1136 2481 1182 sexto.

551 1214 825 1266 Dominus
853 1214 1015 1266 etiam
1043 1215 1179 1279 Rex,
1217 1232 1282 1266 eo
1328 1215 1472 1283 quod
1498 1214 1680 1283 ipsum
1725 1214 2012 1284 oportebat
2056 1215 2125 1266 ad
2166 1215 2482 1267 mandatum

481 1300 642 1369 Regis
683 1300 906 1352 Francie
959 1301 1323 1365 transfretare,
1362 1300 1678 1368 peccuniam
1729 1300 2092 1369 supradictam
2151 1320 2182 1352 a
2221 1301 2480 1370 magistro

483 1386 707 1438 Gifredo
732 1393 1018 1454 prenotato
1060 1385 1281 1454 recepit,
1308 1393 1363 1437 et
1388 1403 1485 1454 per
1508 1386 1742 1438 litteram
1780 1404 1933 1437 suam
1960 1386 2331 1455 obligatoriam
2357 1404 2483 1456 pro-

479 1469 627 1521 misit
650 1469 796 1521 illam
821 1469 1052 1522 fideliter
1076 1470 1400 1539 persolvere,
1426 1477 1482 1521 et
1501 1469 1781 1522 ecclesiam
1806 1470 2106 1538 predictam
2130 1470 2481 1540 indempnem

477 1555 534 1606 in
574 1554 825 1607 omnibus
870 1572 1203 1607 conservare.
1278 1555 1457 1607 Tenor
1496 1555 1673 1607 littere
1715 1555 2030 1624 obligatorie
2071 1556 2277 1609 domini
2318 1557 2480 1626 Regis

479 1640 850 1778 tallgdssiardus
889 1723 996 1776 Dei
1044 1724 1213 1793 gratia
1263 1724 1382 1775 Rex
1431 1723 1643 1792 Anglie,
1694 1722 1946 1775 dominus
1991 1723 2229 1777 Ybernie
2273 1732 2330 1777 et
2369 1725 2481 1777 dux

477 1809 825 1878 Aquitannie,
845 1808 1118 1861 Omnibus
1139 1808 1206 1860 ad
1227 1826 1363 1877 quos
1381 1826 1605 1876 presens
1627 1807 1887 1876 scriptum
1909 1809 2215 1877 pervenerit
2231 1810 2478 1864 salutem.

476 1894 728 1946 Vidimus
755 1895 1065 1963 depositum
1091 1893 1507 1962 quingentarum
1543 1893 1800 1945 librarum
1844 1894 1902 1945 in
1942 1893 2162 1946 abbacia
2202 1895 2269 1947 de
2297 1896 2478 1965 Burgo

485 1979 656 2031 sancti
684 1979 830 2031 Petri
854 1979 1209 2031 existencium
1237 1980 1304 2031 de
1329 1978 1591 2047 peccunia
1618 1979 1823 2030 decime
1861 1998 1892 2029 a
1917 1980 2058 2031 clero
2098 1980 2272 2049 Regni
2308 1981 2482 2033 nostri

476 2065 669 2134 Anglie
694 2065 751 2116 in
779 2064 1083 2117 subsidium
1111 2072 1250 2116 terre
1278 2071 1461 2116 sancte
1486 2082 1661 2132 nuper
1690 2081 1964 2116 concesse.
2038 2065 2290 2116 Vidimus
2317 2066 2480 2118 etiam

476 2149 681 2202 litteras
709 2148 918 2208 abbatis
961 2161 1015 2200 et
1055 2156 1356 2201 conventus
1402 2148 1647 2216 ejusdem
1686 2148 1791 2200 loci
1835 2148 2178 2217 obligatorias
2223 2151 2478 2219 magistro

479 2234 722 2287 Giffredo
749 2235 815 2286 de
830 2235 1069 2297 Vezano,
1096 2251 1303 2286 camere
1343 2233 1549 2286 domini
1577 2234 1722 2302 Pape
1767 2234 1977 2298 clerico,
2016 2235 2308 2303 apostolice
2335 2237 2478 2290 sedis

475 2320 692 2384 nunci0,
719 2328 775 2371 et
800 2319 1073 2371 executori
1097 2319 1445 2389 negociorum
1470 2326 1611 2371 terre
1638 2326 1822 2371 sancte
1850 2337 2011 2388 super
2037 2320 2244 2373 decima
2269 2330 2324 2374 et
2360 2323 2477 2375 aliis

475 2423 506 2456 a
533 2405 674 2457 dicta
701 2406 826 2458 sede
869 2405 927 2456 in
954 2405 1206 2474 Angliam
1249 2405 1527 2474 deputatO,
1563 2423 1725 2474 super
1749 2405 1993 2475 ejusdem
2020 2406 2253 2476 depositi
2294 2426 2478 2479 recep-

477 2489 629 2542 cione
655 2491 926 2542 confectas
952 2491 1008 2541 in
1046 2491 1146 2543 hec
1170 2490 1366 2543 verba:
1407 2491 1678 2544 Noverint
1702 2490 1942 2543 universi
1969 2498 2023 2543 et
2067 2500 2242 2544 cetera
2279 2494 2477 2559 omnia,

477 2573 617 2625 sicut
655 2591 816 2641 supra
841 2581 1115 2625 notantur.
1191 2573 1267 2624 Et
1292 2574 1416 2642 quia
1441 2591 1540 2642 pro
1567 2573 1891 2642 quibusdam
1931 2575 2111 2627 arduis
2155 2584 2211 2627 et
2237 2578 2478 2645 speciali-

476 2657 579 2710 bus
605 2658 843 2729 negociis
869 2675 970 2709 nos
997 2665 1052 2710 et
1090 2675 1316 2726 regnum
1360 2665 1609 2709 nostrum
1649 2659 1844 2727 Anglie
1889 2660 2344 2728 contingentibUS,
2373 2667 2476 2731 que

111 2764 453 2819 (sol.cxxiiir⁰.)
478 2744 543 2794 de
592 2761 735 2795 novo
786 2749 1137 2806 emerserunt,
1175 2742 1432 2811 peccunia
1477 2741 1933 2810 quamplurimum
1968 2743 2290 2811 indigemuS‚
2329 2749 2475 2813 lpro

477 2828 678 2880 eisdem
705 2828 942 2897 negociis
968 2826 1170 2879 nostris
1196 2825 1404 2878 felicius
1451 2825 1820 2894 expediendiS‚
1866 2845 1897 2877 a
1936 2827 2155 2894 prefatis
2201 2827 2394 2881 abbate
2421 2838 2477 2883 et

477 2921 748 2965 conventu
776 2921 966 2964 mutuo
1012 2910 1333 2980 quingentas
1373 2909 1536 2961 libras
1580 2910 1882 2979 recepimus
1928 2911 2244 2964 antedictas,
2321 2912 2476 2964 Obli-

474 3006 662 3068 gantes
681 3016 798 3060 nOS,
818 2998 1044 3050 heredes
1061 3005 1115 3049 et
1136 3014 1473 3049 successores
1490 3003 1708 3048 nostros
1734 2995 1890 3048 dictis
1911 2995 2094 3048 abbati
2114 3005 2167 3049 et
2185 2998 2476 3050 conventui

474 3103 537 3136 ac
588 3083 989 3136 successoribus
1042 3082 1171 3147 suiS‚
1224 3081 1325 3134 sub
1376 3080 1702 3133 omnimodis
1754 3081 2163 3133 condicionibus
2215 3091 2270 3135 et
2317 3085 2473 3153 penis

475 3168 533 3220 in
554 3168 730 3220 forma
751 3166 1100 3236 obligacionis
1122 3183 1217 3217 sue
1238 3165 1485 3234 superius
1506 3172 1762 3217 annotata
1782 3164 2068 3229 contende,
2089 3167 2152 3217 ad
2180 3166 2395 3234 plenam
2422 3177 2478 3221 et

472 3254 738 3323 integram
781 3253 1026 3323 ejusdem
1066 3250 1323 3321 peccunie
1382 3250 1713 3303 solucionem
1759 3268 1855 3302 seu
1899 3251 2304 3305 restitucionem
2337 3253 2475 3307 infra

475 3339 610 3392 duos
638 3357 852 3392 menses
879 3338 1195 3402 faciendam,
1222 3345 1510 3406 postquam
1548 3354 1648 3388 nos
1676 3335 1742 3388 ab
1770 3336 1974 3389 eisdem
2013 3336 2204 3390 abbate
2250 3346 2304 3390 et
2347 3357 2474 3391 con-
