2774 3952
968 422 1321 458 cnaoNlcON
1352 421 1895 458 PETROBURGENSE.
2369 408 2435 454 25

430 565 530 599 nos
581 565 704 617 erga
746 547 1028 600 dominum
1077 567 1254 618 regern
1307 566 1468 618 super
1518 547 1740 601 servicio
1786 545 1934 615 quod
1983 562 2014 595 a
2063 543 2221 596 nobis
2273 544 2439 613 exigit

66 622 171 676 (f⁰'·
188 624 405 678 'mxi-²²⁰0
425 631 633 684 faciatis
657 632 996 702 indempneS,
1012 641 1175 702 prout
1199 632 1513 686 tenemini.''
1588 632 1701 696 Ets
1726 631 1782 682 in
1804 629 1908 680 hiis
1930 636 2285 680 recesserunt.
2362 629 2438 679 Et

425 718 492 769 ad
532 717 674 770 diem
701 717 777 769 eis
816 718 1079 787 prefixum
1106 736 1280 786 neque
1314 724 1580 770 venerunt
1604 734 1777 785 neque
1805 714 2085 766 miserunt.
2164 713 2436 765 Dominus

425 802 590 854 abbas
642 803 789 856 misit
841 804 1195 856 senescallum
1239 821 1397 855 suum
1452 810 1507 854 et
1551 800 1876 853 monachum
1919 818 2112 863 unum,
2153 799 2244 867 qui
2297 801 2436 850 fece-

424 897 553 940 runt
590 888 754 941 finem
794 907 891 958 pro
934 887 1158 941 servicio
1203 887 1440 956 quinque
1483 886 1715 938 militum
1764 903 1863 955 pro
1893 884 2005 937 ,ccl.
2059 884 2267 936 marcis,
2359 885 2436 935 Et

425 974 592 1043 quieti
615 981 968 1039 recesserunt,
1005 981 1284 1042 portantes
1324 971 1505 1024 literas
1547 969 1896 1040 aquitatorias
1936 975 2189 1038 patentes
2229 969 2435 1021 domini

423 1061 593 1130 regis3
631 1068 687 1114 et
722 1059 903 1130 regina
951 1058 1142 1111 habuit
1182 1076 1279 1128 pro
1314 1076 1444 1110 auro
1487 1076 1587 1110 suo
1615 1075 1740 1109 xxv.
1781 1073 2006 1120 marcam,
2034 1056 2272 1124 exceptis
2315 1055 2431 1106 aliis

423 1147 695 1216 expensis·

500 1233 625 1285 Hoc
687 1249 830 1284 anno
900 1231 1009 1284 diii.
1075 1231 1198 1283 idus
1268 1230 1422 1295 Maii,
1479 1228 1756 1282 mandavit
1825 1227 2077 1280 dominus
2142 1226 2430 1296 archiepis-

424 1337 593 1389 copus
627 1318 996 1372 visitacionem
1035 1317 1122 1370 hic
1161 1317 1328 1370 intus,
1406 1316 1516 1372 Qui
1561 1315 1743 1368 omnia
1785 1314 2066 1366 inveniens
2107 1313 2336 1364 honesta
2375 1321 2431 1364 et

423 1406 524 1458 rite
565 1412 680 1458 acta
717 1403 1066 1457 amicabiliter
1114 1403 1322 1473 peregit
1371 1403 1631 1475 officium·
1657 1420 1836 1454 suum.
1939 1400 2065 1452 Hoc
2117 1417 2259 1451 anno
2298 1399 2430 1450 emit

422 1491 675 1545 dominus
714 1490 879 1543 abbas
922 1490 1220 1542 manerium
1264 1490 1330 1541 de
1359 1489 1680 1558 Gonethorp
1722 1505 1820 1557 pro
1860 1485 2166 1556 quingentis
2193 1492 2248 1538 et
2274 1484 2430 1554 quin-

420 1577 676 1647 quaginta
718 1577 927 1629 marciS.
1027 1575 1094 1628 In
1144 1594 1250 1646 quo
1300 1575 1464 1627 habet
1513 1581 1814 1627 conventus
1865 1591 2105 1624 annuum
2157 1571 2428 1622 redditum

421 1662 606 1716 decem
633 1681 949 1727 marcarum,
976 1662 1099 1732 quia
1123 1668 1494 1732 apposuerunt
1529 1661 1595 1712 de
1622 1678 1720 1712 suo
1760 1659 1827 1711 ad
1863 1658 2196 1710 solucionem
2230 1656 2429 1709 facien-

421 1747 544 1799 dam
572 1755 790 1800 centum
816 1755 872 1800 et
896 1747 1083 1816 viginti
1111 1747 1346 1816 quinque
1373 1764 1595 1798 marcas,

496 1833 620 1884 Hoc
639 1850 782 1885 anno
807 1832 864 1883 in
889 1832 1030 1884 festo
1059 1831 1229 1884 sancti
1256 1830 1483 1883 Martini
1524 1829 1645 1882 talis
1681 1847 1788 1898 pax
1813 1829 1953 1880 facta
1978 1834 2062 1879 est
2085 1827 2226 1878 inter
2257 1825 2429 1877 domi-

421 1935 552 1969 num
579 1935 757 1987 regem
785 1924 839 1970 et
865 1916 1194 1969 Lewelinum
1212 1916 1512 1986 principem
1539 1914 1734 1966 Wallie
1755 1921 1880 1983 post
1907 1913 2107 1963 multos
2133 1911 2342 1963 labores
2360 1928 2428 1962 ex

421 2010 647 2071 utraque
673 2010 842 2072 parte,
857 2002 1106 2054 videlicet
1122 2001 1265 2070 quod
1284 2001 1504 2052 domino
1522 1999 1631 2068 regi
1661 1998 1966 2051 Lewelinus
1991 1996 2275 2063 (concedit)
2298 2013 2427 2063 qua-

421 2095 546 2141 tuor
566 2089 835 2141 Cantreda
859 2089 916 2140 in
944 2088 1187 2140 terminis
1208 2095 1262 2139 et
1281 2086 1481 2138 finibus
1509 2085 1639 2150 suiS,
1661 2085 1795 2136 adeo
1816 2084 1973 2153 plene
1995 2082 2134 2134 sicut
2156 2081 2428 2133 Henricus

422 2192 533 2240 rex,
551 2183 706 2245 pater
729 2175 867 2244 regis
894 2175 986 2243 qui
1010 2192 1156 2227 nunc
1182 2182 1284 2238 est,
1310 2181 1403 2224 aut
1428 2174 1545 2242 ipse
1570 2190 1664 2224 rex
1690 2170 1992 2223 Edwardus
2018 2176 2305 2238 postquam
2332 2186 2425 2219 rex

419 2267 582 2324 esset,
608 2278 669 2312 ea
694 2278 933 2330 unquam
959 2259 1152 2323 tenuit,
1192 2277 1299 2310 una
1346 2277 1470 2310 cum
1511 2255 1763 2309 omnibus
1807 2254 1962 2306 terris
2003 2272 2134 2323 quas
2174 2271 2267 2304 rex
2309 2271 2427 2322 sey-

421 2344 548 2396 sivit
573 2353 667 2396 aut
692 2343 880 2415 seysiri
903 2343 1030 2396 fecit
1054 2362 1084 2394 a
1109 2343 1373 2413 principio
1414 2360 1602 2412 guerre
1645 2358 1817 2409 usque
1851 2340 2050 2390 festum
2078 2337 2249 2388 sancti
2278 2338 2427 2387 Mar-

419 2429 538 2493 tini,
563 2429 738 2480 insula
764 2429 830 2480 de
850 2428 1150 2497 Angleseye
1178 2428 1439 2479 duntaxat
1458 2434 1698 2495 excepta,
1720 2425 1786 2476 de
1813 2443 1916 2493 qua
1941 2423 2117 2474 insula
2144 2422 2218 2474 sic
2244 2429 2425 2473 actum

419 2522 502 2566 est
546 2514 690 2583 quod
724 2531 819 2565 rex
862 2513 1109 2565 concedit
1148 2512 1322 2564 eidem
1359 2511 1631 2563 Lewelino
1668 2509 1977 2579 porcionem
2022 2507 2424 2576 contingentem

419 2598 599 2651 David
624 2597 800 2650 fratris
837 2597 966 2650 dicti
1002 2596 1259 2651 Lewelini
1280 2597 1346 2648 ad
1372 2596 1539 2647 vitam
1568 2594 1699 2647 dicti
1734 2593 2010 2658 Lewelini,
2037 2611 2135 2661 pro
2171 2611 2276 2661 qua
2301 2609 2426 2660 por-

415 2685 569 2738 cione
596 2683 745 2736 dabit
761 2701 856 2735 rex
881 2683 1061 2735 David
1086 2683 1213 2735 alias
1235 2690 1400 2734 terras
1421 2682 1489 2734 ad
1512 2681 1824 2744 valenciam,
1852 2698 1955 2749 que
1982 2686 2318 2730 revertentur
2357 2678 2424 2728 ad

416 2788 595 2839 regem
639 2769 806 2820 altero
849 2769 1010 2820 fratre
1049 2775 1282 2820 mortuo.
1361 2766 1634 2821 Quoniam
1671 2765 1716 2816 si
1742 2763 2048 2816 Lewelinus
2076 2762 2224 2832 prius
2252 2763 2423 2814 disce-

363 2927 369 2933 ·
417 2859 526 2921 dat,
553 2855 805 2908 succedet
838 2855 888 2908 ei
913 2855 1094 2907 David
1135 2854 1191 2906 in
1223 2853 1478 2923 porcione
1511 2853 1693 2922 ipsum
1731 2852 2080 2920 contingente
2124 2850 2190 2902 de
2227 2849 2419 2900 insula.

417 2943 493 2995 Et
517 2950 656 2996 terre
695 2942 961 3011 assignate
1002 2941 1181 2993 David
1218 2958 1314 3008 per
1353 2958 1550 3008 regem,
1592 2939 1659 2990 ad
1702 2956 1881 3007 regem
1918 2943 2271 2989 revertentur.
2347 2935 2423 2986 Et

417 3027 663 3083 similiter
701 3027 746 3078 si
771 3025 952 3078 David
991 3026 1141 3094 prius
1186 3025 1410 3078 decedat
1435 3042 1595 3093 quam
1622 3023 1947 3086 LewelinuS,
1972 3029 2110 3072 terre
2154 3020 2421 3089 assignate

418 3131 514 3182 per
553 3132 751 3184 regem,
777 3114 844 3166 ad
883 3114 1066 3183 ipsum
1110 3130 1290 3182 regem
1329 3118 1681 3163 revertentur.
1759 3109 2060 3162 Residuum
2095 3126 2222 3160 vero
2248 3107 2422 3158 insule

420 3197 667 3250 concedit
713 3216 807 3250 rex
857 3197 1128 3250 Lewelino
1178 3205 1234 3251 et
1279 3195 1570 3248 heredibus
1622 3194 1874 3247 omnibus
1927 3194 1992 3246 de
2042 3209 2264 3262 corpore
2322 3208 2420 3241 suo

423 3284 732 3351 procreatiS,
773 3303 907 3354 quos
949 3284 994 3336 si
1032 3303 1141 3337 non
1187 3282 1452 3347 habuerit,
1497 3283 1564 3335 ad
1607 3301 1784 3351 regem
1842 3281 1974 3334 illud
2015 3286 2311 3332 revertetur
2366 3284 2422 3327 et

423 3367 646 3419 heredes
691 3386 817 3420 suos
866 3377 995 3440 post
1043 3376 1273 3422 mortem
1318 3367 1592 3421 Lewelini.
1686 3367 1762 3418 Et
1821 3383 1920 3434 pro
1969 3365 2074 3417 ista
2122 3361 2297 3413 insula
2347 3359 2423 3411 sic

497 3467 684 3503 cAMD.
714 3469 834 3505 soe.
2098 3465 2132 3497 E
