2774 3952
67 1937 167 1987 (foc.
187 1935 283 1977 cxvi.
302 1938 374 1989 ro.)

66 2014 117 2050 In
137 2013 276 2051 itinere
296 2014 396 2051 Nor-

67 2067 280 2106 hamtonie.

66 2121 187 2158 Anno
207 2121 369 2158 Domini

66 2174 235 2212 M⁰.c⁰c⁰.
257 2174 373 2212 Octa-

63 2228 211 2277 gesimo
230 2229 397 2277 quinto.‘

448 409 477 456 1
490 407 554 457 18
978 421 1337 459 cunonON
1379 422 1923 466 Parnonunemvsm

446 546 854 616 predecessores
882 547 966 598 sui
992 547 1173 600 debita
1197 549 1512 618 hujusmodi
1536 549 1712 601 levare
1738 556 1793 600 et
1817 548 1944 600 inde
1969 549 2299 618 respondere
2310 561 2446 603 'con-'

446 641 756 698 sueverunt,
780 633 956 686 levare
982 643 1037 686 et
1061 633 1220 686 nobis
1245 635 1372 687 inde
1398 634 1723 704 respondere
1749 652 1861 685 non
1886 634 2169 702 permittit,
2194 636 2250 686 in
2269 636 2444 705 ipsius

445 716 654 769 abbatis
693 726 749 770 et
773 719 994 770 ecclesie
1029 738 1124 771 sue
1152 719 1323 772 sancti
1364 720 1511 772 Petri
1549 720 1614 771 de
1642 720 1825 788 Burgo
1853 718 2025 770 sancti
2057 719 2202 770 Petri
2227 721 2445 789 dispen-

444 801 595 854 dium
621 821 732 855 non
757 804 1032 856 modicum
1054 813 1109 856 et
1132 804 1396 857 libertatis
1425 823 1518 857 sue
1544 805 1806 857 lesionem
1834 803 2196 869 manifestam,
2215 812 2278 856 ut
2296 805 2445 858 dicit.-

442 886 521 938 Et
545 887 743 940 habeas
768 888 845 940 ibi
872 889 1357 942 summonicionem
1386 897 1440 941 et
1463 890 1568 941 hoc
1607 888 1787 941 breve.
1862 888 2027 939 Teste
2065 887 2274 957 meipso
2301 890 2446 958 apud

443 972 660 1024 Bellum
685 973 895 1025 Locum
923 973 1103 1042 Regis,
1129 974 1238 1026 xvi.
1265 974 1350 1026 die
1377 973 1725 1038 NovembriS‚
1749 991 1893 1024 anno
1919 973 2071 1042 regni
2096 974 2270 1025 nostri
2290 974 2424 1028 xiii0.

513 1059 695 1110 Tenor
718 1058 899 1111 brevis
927 1060 993 1110 de
1019 1067 1241 1112 returno
1266 1059 1514 1111 brevium
1535 1079 1624 1111 2—-
2432 1048 2434 1050 V

513 1143 814 1196 Edwardus
841 1144 947 1195 Dei
971 1144 1140 1213 gratia
1159 1153 1261 1197 etc.
1280 1145 1581 1197 vicecomiti
1598 1144 1994 1197 Norhamtonie
2020 1151 2122 1196 etc.
2200 1145 2258 1197 Si
2277 1144 2442 1198 abbas

440 1229 508 1281 de
535 1230 716 1299 Burgo
744 1230 915 1282 sancti
941 1231 1086 1282 Petri
1110 1231 1296 1283 fecerit
1328 1239 1382 1283 te
1409 1250 1657 1284 securum
1683 1238 1785 1283 etc.
1817 1238 1948 1283 tunc
1975 1238 2320 1283 summonete
2346 1250 2444 1301 per

438 1314 614 1367 bonos
642 1315 1081 1381 summonitore8‚
1109 1316 1420 1368 Gilbertum
1447 1318 1514 1369 de
1542 1317 1698 1369 Clare
1730 1316 1983 1369 comitem
2013 1316 2353 1369 Gloucestrie
2388 1325 2444 1371 et

442 1400 773 1464 Hertfordie‚
802 1401 949 1470 quod
974 1400 1045 1452 sit
1084 1418 1264 1452 coram
1288 1401 1595 1470 justiciariis
1622 1400 1823 1452 nostris
1849 1400 1917 1452 ad
1957 1400 2187 1468 primam
2215 1400 2441 1453 assisam

441 1493 542 1537 etc.
571 1492 889 1537 ostensurus
916 1502 1078 1554 quare
1104 1503 1227 1537 cum
1270 1485 1416 1538 idem
1451 1485 1617 1537 abbas
1643 1485 1857 1537 racione
1884 1492 2007 1537 octo
2033 1485 2440 1538 hundredorum

441 1589 661 1623 suorum
706 1589 809 1640 que
849 1570 906 1622 in
947 1571 1205 1622 comitatu
1243 1572 1486 1640 predicto
1531 1572 1598 1623 de
1636 1571 1795 1623 nobis
1836 1579 1987 1623 tenet
2029 1572 2084 1622 in
2125 1572 2315 1640 capite,
2359 1590 2441 1625 re-

439 1666 661 1709 turnum
686 1657 932 1710 omnium
955 1657 1201 1709 brevium
1226 1665 1536 1709 nostrorum
1561 1657 1865 1710 libertatem
1887 1676 2040 1709 suam
2066 1657 2124 1709 in
2144 1658 2439 1710 hundredis

437 1744 693 1813 predictis
737 1742 1080 1812 tangencium.
1118 1742 1316 1794 habere
1361 1750 1417 1794 et
1460 1742 1811 1795 execuciones
1854 1743 2150 1800 eorundem
2192 1742 2438 1795 brevium

436 1829 610 1880 facere
634 1827 848 1892 debeat,
890 1827 1030 1879 sicut
1069 1827 1290 1879 abbates
1317 1827 1383 1879 de
1412 1827 1594 1896 Burgo
1622 1826 1794 1878 sancti
1840 1826 1985 1878 Petri
2027 1827 2436 1895 predecessores

437 1912 664 1981 predicti
674 1911 883 1964 abbatis
899 1930 997 1982 per
1012 1920 1185 1965 cartas
1201 1912 1644 1981 predecessorum
1660 1916 1681 1976 s
1701 1918 2012 1963 nostrorum
2032 1929 2217 1980 regum
2227 1913 2438 1982 Anglie,

438 2016 569 2067 quas
593 1998 739 2049 idem
766 1996 931 2049 abbas
956 1997 1083 2049 inde
1107 1996 1290 2060 habet,
1315 1995 1630 2065 hujusmodi
1653 2004 1936 2048 returnum
1979 1995 2178 2049 habere
2221 2005 2276 2049 et
2313 2016 2438 2050 exe-

438 2083 689 2136 cuciones
729 2084 901 2135 facere
951 2089 1382 2145 consueverunt3
1444 2081 1590 2132 idem
1639 2099 1820 2133 comes
1869 2082 2138 2149 prefatum
2187 2081 2437 2134 abbatem

436 2169 752 2238 hujusmodi
777 2168 1129 2222 execuciones
1173 2185 1271 2236 per
1313 2166 1629 2236 hujusmodi
1666 2174 1945 2220 returnum
1992 2166 2096 2218 sibi
2139 2167 2341 2219 factum
2380 2167 2437 2219 in

438 2255 558 2319 hiis,
586 2274 690 2325 que
715 2255 895 2324 ipsum
922 2253 1176 2306 comitem
1194 2260 1249 2305 et
1267 2253 1516 2305 homines
1538 2271 1667 2304 suos
1686 2252 1825 2304 infra
1844 2251 2180 2320 precinctum
2200 2252 2437 2306 hundre-

434 2340 626 2394 dorum
674 2341 1039 2410 predictorum
1079 2346 1476 2392 commorantes
1517 2338 1856 2407 contingunt,
1902 2337 2042 2389 sicut
2085 2337 2435 2390 execuciones

433 2426 550 2478 illas
594 2427 765 2479 facere
805 2425 983 2491 debet,
1021 2432 1076 2477 et
1114 2424 1522 2493 predecessores
1564 2423 1646 2476 sui
1687 2441 1777 2475 eas
1821 2423 1993 2475 facere
2019 2431 2435 2487 consueverunt,

433 2511 606 2562 facere
630 2529 742 2562 non
768 2510 1049 2578 permittit,
1090 2509 1146 2560 in
1186 2508 1357 2577 ipsius
1384 2509 1593 2561 abbatis
1619 2517 1676 2561 et
1718 2508 1940 2560 ecclesie
1968 2526 2062 2560 sue
2091 2508 2262 2560 sancti
2290 2509 2435 2561 Petri

436 2595 503 2647 de
529 2595 712 2663 Burgo
758 2595 928 2646 sancti
956 2594 1103 2646 Petri
1128 2594 1471 2662 dispendium
1511 2612 1621 2645 non
1649 2594 1921 2645 modicum
1949 2601 2005 2645 et
2047 2594 2309 2646 libertatis
2337 2613 2434 2647 sue

435 2680 697 2733 lesionem
739 2679 1099 2744 manifestam,
1140 2686 1204 2729 ut
1253 2676 1401 2730 dicit.
1493 2678 1570 2730 Et
1612 2678 1809 2730 habeas
1853 2677 1930 2729 ibi
1974 2685 2076 2729 etc.
2150 2679 2330 2742 Teste,
2375 2687 2434 2730 ut

436 2786 614 2837 supra.

509 2855 629 2906 Hec
670 2860 798 2904 sunt
836 2850 1057 2903 nomina
1089 2847 1522 2901 Justiciariorum
1565 2844 1935 2897 itinerantium
1980 2845 2123 2913 apud
2161 2845 2432 2897 Norham-

433 2938 655 3000 toniam,
700 2938 758 2989 in
802 2935 1035 2988 crastino
1081 2934 1252 2986 sancti
1294 2931 1596 2994 MichaeliS,
1640 2938 1695 2982 et
1733 2946 1829 2998 per
1874 2928 2059 2980 decem
2103 2928 2431 2983 ebdomadas

432 3031 736 3093 sequenteS,
799 3039 941 3074 anno
990 3020 1137 3089 regni
1184 3018 1347 3087 Regis
1396 3016 1649 3069 Edwardi
1700 3014 1859 3066 tertio
1906 3013 2131 3078 decim0,
2182 3023 2237 3066 et
2287 3034 2429 3068 anno

431 3109 657 3162 Domini
684 3109 880 3160 M⁰c⁰c⁰
906 3105 1230 3175 octagesimo
1257 3104 1463 3172 quinto.

502 3194 540 3247 J
543 3195 782 3247 ohannes
809 3192 875 3244 de
899 3190 1164 3253 vallibus,
1189 3187 1514 3239 Willielmus
1541 3186 1607 3238 de
1634 3185 1851 3248 sabam,
1879 3185 2120 3252 Rogerus
2148 3184 2427 3256 Luveday‚

431 3280 468 3333 J
471 3279 711 3332 ohannes
737 3277 802 3330 de
829 3275 1187 3344 Metingham,
1213 3282 1268 3326 et
1293 3274 1348 3324 N
1351 3272 1588 3324 icholaus
1614 3271 1662 3322 le
1691 3270 1848 3321 GraS.

504 3367 580 3418 Et
604 3362 1013 3421 memorandum
1048 3360 1191 3429 quod
1234 3361 1478 3428 Rogerus
1506 3357 1572 3410 de
1601 3357 1751 3414 Hale,
1785 3355 1889 3407 fuit
1930 3355 2171 3424 capitalis
2206 3355 2427 3408 clericus
