2774 3952
87 887 316 936 Leyeestria.

993 425 1345 461 ennomcoN
1376 427 1917 464 PETROBURGENSE.
2398 421 2462 468 55

533 549 671 602 Item
709 549 812 602 hoc
850 569 992 603 anno
1027 560 1238 605 motum
1282 554 1386 605 fuit
1429 554 1687 623 placitum
1730 573 1908 607 coram
1948 554 2262 624 justiciariis
2306 557 2463 610 itine-

457 636 702 689 rantibus
747 637 804 688 in
831 638 1117 691 ·comitatu
1157 639 1441 692 Lincolnie
1490 641 1633 693 inter
1675 639 1926 692 abbatem
1965 639 2031 692 de
2077 640 2358 710 Barlinges
2409 651 2464 694 et

457 723 707 775 abbatem
750 724 815 776 de
869 725 1068 795 BurgO,
1106 726 1260 794 cujus
1305 744 1594 795 processus
1642 725 1950 778 invenietur
1999 725 2056 776 in
2106 725 2246 778 libro
2297 728 2461 795 placi-

454 816 652 862 torum.

525 897 871 965 Nich(o)laus
897 897 1317 949 molendinarius
1345 897 1411 949 de
1438 896 1648 948 Estona
1674 895 1872 948 occidit
1899 896 2202 948 Robertum
2229 898 2296 949 de
2323 897 2456 950 Ber-

452 983 651 1036 listona
690 1002 814 1036 cum
861 983 1089 1053 quadam
1122 983 1294 1034 hacha
1337 982 1393 1033 in
1438 982 1565 1035 villa
1606 982 1672 1034 de
1714 981 2076 1035 Medeburne.
2153 984 2229 1035 Et
2272 984 2456 1036 statim

450 1078 578 1139 post
620 1071 822 1122 factum
852 1069 1044 1139 'posuit
1085 1087 1142 1120 se
1185 1069 1242 1120 in
1285 1068 1566 1121 ecclesiam
1609 1068 1675 1119 de
1723 1067 2064 1121 Medeburne
2105 1077 2161 1122 et
2202 1070 2456 1138 cognovit

452 1175 508 1209 se
535 1174 652 1208 esse
678 1156 939 1207 latronem
968 1162 1022 1205 et
1047 1153 1311 1223 abjuravit
1336 1171 1564 1223 regnum
1600 1171 1781 1205 coram
1819 1153 2171 1206 Coronatore.
2250 1155 2456 1207 Catella

450 1243 566 1311 ejus
591 1241 719 1293 xxii.
759 1240 979 1303 denarii,
1022 1240 1166 1291 unde
1211 1238 1378 1291 abbas
1426 1239 1492 1291 de
1539 1239 1721 1308 Burgo
1762 1240 2073 1308 respondet.
2150 1241 2225 1291 Et
2249 1241 2354 1291 fuit
2395 1241 2452 1292 in

368 1322 372 1326 ⁸
450 1328 689 1380 decenna
709 1325 988 1379 Ricardi‘le
1010 1325 1240 1376 Paumer
1262 1325 1368 1392 (de)
1396 1324 1841 1394 Horningwolda‚
1859 1325 1951 1394 qui
1968 1326 2132 1378 modo
2150 1345 2261 1378 non
2286 1325 2451 1378 habet

93 1830 228 1886 (cxci.
242 1833 418 1886 v⁰.vac.)

75 1924 177 1976 (sot.
198 1929 300 1968 mii.
320 1927 397 1981 ro.)

447 1413 627 1482 ipsum
673 1413 850 1465 standi
891 1419 1056 1464 recto.
1152 1411 1285 1463 Ideo
1329 1411 1386 1462 in
1429 1410 1812 1463 misericordia.
1887 1412 1964 1462 Et
2006 1411 2134 1463 villa
2186 1412 2252 1463 de
2295 1412 2449 1464 Holt.

447 1500 657 1552 Estona
695 1518 806 1552 non
830 1498 980 1551 venit
1024 1499 1090 1549 ad
1129 1497 1543 1566 inquisicionem
1585 1515 1764 1549 coram
1809 1503 2142 1549 coronatore.
2221 1496 2354 1548 Ideo
2393 1497 2450 1548 in

446 1586 825 1638 misericordia.
919 1584 994 1636 Et
1036 1583 1127 1635 xii.
1181 1583 1348 1652 jurati
1402 1583 1820 1634 concelaverunt
1870 1582 2113 1651 predicta
2163 1582 2354 1634 catella
2390 1582 2447 1633 in

442 1670 715 1724 veredicto
743 1688 841 1722 suo
861 1691 877 1734 3
915 1669 1038 1722 ideo
1061 1667 1118 1719 in
1146 1667 1512 1720 misericordia
1538 1675 1593 1718 et
1618 1675 1815 1719 cetera.

514 1757 602 1809 De
626 1756 810 1808 villata
835 1756 902 1808 de
927 1756 1141 1807 Estona
1168 1755 1256 1806 .xl.
1285 1753 1460 1806 solidi.

514 1848 535 1908 l
554 1843 872 1895 M⁰cc⁰lxxx⁰
895 1841 1150 1894 secundo,

514 1929 582 1980 In
621 1929 761 1980 festo
787 1925 1249 1979 Annunciacionis
1275 1925 1434 1978 beate
1460 1924 1719 1994 Virginis,
1754 1925 1936 1978 David
1979 1926 2143 1977 frater
2180 1925 2439 1978 Lewelini

440 2013 697 2084 principis
723 2012 919 2064 Wallie
944 2019 1000 2064 et
1024 2010 1314 2079 complices
1343 2010 1428 2062 sui
1464 2027 1561 2078 per
1598 2010 1869 2078 quandam
1906 2010 2235 2062 sedicionem
2261 2029 2446 2064 move-

439 2106 568 2151 runt
592 2117 836 2168 guerram
862 2104 1049 2150 contra
1085 2114 1265 2165 regem
1291 2095 1502 2165 Anglie,
1532 2095 1886 2163 infringentes
1925 2105 2144 2165 pactum
2183 2096 2325 2148 inter
2349 2115 2442 2148 eos

441 2184 766 2247 confectum,
816 2183 969 2251 cujus
1013 2188 1171 2233 tenor
1221 2198 1384 2250 supra
1436 2187 1674 2244 notatur,
1714 2180 1982 2244 videlicet,
2025 2200 2166 2233 anno
2217 2182 2443 2234 Domini

442 2268 843 2322 M⁰ce⁰lxx⁰vii⁰.
869 2267 923 2318 in
951 2267 1091 2318 festo
1128 2266 1300 2318 sancti
1327 2265 1568 2317 Martini.
1646 2265 1810 2317 Unde
1842 2266 2094 2318 dominus
2134 2284 2229 2318 rex
2269 2267 2441 2319 movit

439 2355 763 2407 excercitum
790 2371 979 2405 versus
1005 2351 1259 2403 Walliam
1286 2357 1474 2402 contra
1501 2349 1675 2401 dictos
1714 2349 1938 2402 rebelles
1978 2359 2032 2403 et
2069 2352 2437 2404 malefactores

438 2459 581 2502 SUOS,
611 2447 665 2492 et
689 2438 816 2491 fecit
839 2437 1170 2508 proclamare
1207 2436 1423 2506 puplice
1461 2453 1558 2504 per
1582 2443 1760 2487 totum
1801 2454 2027 2505 regnum
2059 2437 2207 2505 quod
2249 2455 2437 2489 omnes

434 2526 510 2577 illi
562 2524 652 2594 qui
690 2525 756 2577 de
799 2524 920 2593 ipso
962 2530 1258 2575 tenuerunt
1295 2522 1352 2573 in
1404 2521 1578 2590 capite
1619 2539 1716 2590 per
1767 2521 2051 2574 servicium
2102 2522 2331 2574 militare
2382 2532 2437 2576 et

434 2611 524 2681 qui
549 2611 617 2662 ad
650 2610 914 2680 portanda
944 2627 1090 2659 arma
1127 2614 1380 2677 potentes
1419 2607 1727 2670 extiterant,
1755 2625 1877 2659 cum
1905 2608 2057 2677 equis
2095 2615 2151 2660 et
2183 2609 2344 2661 armis
2383 2618 2439 2662 et

433 2695 656 2748 servicio
698 2713 796 2747 suo
839 2694 942 2746 sibi
991 2693 1176 2746 debito
1216 2693 1499 2746 venissent
1547 2693 1750 2745 ibidem
1803 2711 1988 2745 secum
2032 2693 2327 2762 profecturi
2375 2695 2431 2746 in

431 2779 836 2849 expedicionem
864 2796 1016 2830 suam
1055 2786 1244 2831 contra
1280 2779 1554 2848 predictos
1593 2780 1964 2831 malefactores
1992 2787 2047 2831 et
2071 2797 2261 2831 eorum
2289 2799 2436 2832 com-

429 2865 614 2935 pliceS,
658 2873 713 2916 et
756 2864 832 2916 sic
870 2865 1188 2934 generaliter
1229 2866 1408 2934 exegit
1449 2865 1737 2918 servicium
1783 2884 1961 2929 suum,
2006 2873 2062 2917 et
2105 2865 2432 2934 quibusdam

431 2951 679 3022 specialia
725 2950 910 3003 brevia
958 2950 1259 3002 transmisit
1308 2970 1407 3020 pro
1458 2952 1667 3003 eodem.
1746 2951 1888 3003 Item
1938 2949 2066 3002 fecit
2105 2951 2434 3019 proclamare

431 3036 576 3105 quod
601 3036 922 3104 quicumque
949 3035 1015 3087 de
1041 3053 1206 3104 regno
1232 3035 1426 3104 Anglie
1454 3035 1677 3088 haberet
1702 3035 1922 3105 triginta
1950 3035 2171 3087 libratas
2197 3043 2336 3088 terre
2373 3037 2431 3087 in
2462 3033 2486 3061 *²

430 3121 620 3173 eodem
663 3139 827 3190 regno
853 3121 1161 3190 provideret
1187 3120 1291 3172 sibi
1316 3121 1383 3171 ad
1410 3120 1667 3172 maiorem
1693 3120 1866 3189 ipsius
1891 3120 2045 3189 regni
2084 3120 2428 3172 securitatem

431 3212 486 3256 et
509 3224 607 3274 pro
633 3207 861 3258 comodo
885 3207 1202 3270 incolarum,
1228 3206 1375 3276 quod
1401 3224 1468 3258 ex
1497 3207 1602 3258 hoc
1636 3206 1713 3259 eis
1740 3207 1942 3276 poterit
1966 3207 2198 3270 evenire,
2226 3207 2292 3258 de
2318 3224 2428 3257 uno

431 3308 568 3358 equo
594 3291 720 3343 forti
745 3300 800 3344 et
833 3292 1161 3362 competenti
1199 3292 1266 3343 ad
1307 3310 1472 3357 arma,
1498 3311 1607 3344 una
1631 3311 1754 3344 cum
1795 3293 2080 3344 armaturis
2119 3298 2428 3359 competen-

431 3374 576 3426 tibus
617 3375 685 3426 ad
717 3377 968 3441 eundem,
1003 3377 1095 3446 qui
1120 3377 1176 3428 in
1203 3377 1415 3429 casibus
1450 3378 1847 3447 emergentibus
1876 3378 1975 3429 sibi
2006 3376 2202 3428 servire
2229 3374 2426 3443 poterit

434 3459 689 3529 quociens
716 3461 787 3513 sit
810 3480 1048 3516 necesse.
1123 3463 1200 3515 Et
1225 3463 1478 3515 dominus
1517 3463 1683 3515 abbas
1709 3463 1836 3516 fecit
1870 3463 2034 3514 finem
2068 3479 2167 3530 pro
2194 3460 2427 3528 quinque
