2774 3952
447 412 518 462 90
977 429 1333 467 cimomcow
1362 431 1905 468 PETROBURGENSE.

526 554 872 608 Constitutus
914 574 1092 609 coram
1136 557 1311 622 vobis,
1337 558 1631 610 reverendo
1657 565 1808 626 patre
1847 556 2067 609 domino
2095 556 2315 610 Olivero
2343 558 2450 611 Dei

450 642 619 712 gratia
660 643 941 696 Lincolnie
985 644 1257 714 episcop0‚
1283 645 1401 714 Ego
1445 651 1759 713 procurator
1798 643 2168 712 religiosorum
2209 645 2448 698 virorum

451 727 661 780 abbatis
687 736 742 782 et
766 738 1065 782 conventus
1092 731 1158 783 de
1186 731 1368 800 Burgo
1397 730 1564 782 sancti
1593 729 1755 793 Petri,
1781 729 1837 780 in
1875 728 2098 797 negocio
2123 730 2447 797 provisionis

453 812 733 867 Willielmi
782 816 1051 886 Campiun
1102 817 1167 868 de
1213 817 1577 886 Irtlingburgo
1636 815 1811 868 clerici
1850 814 2127 883 provisore
2171 814 2447 883 deputam,

114 903 219 958 (foe.
235 905 334 945 ciwli·
353 907 432 959 v⁰·)
453 904 618 970 lpeto
640 902 785 971 quod
809 921 907 955 vos
929 903 1071 955 diem
1090 903 1358 972 precisum
1378 911 1433 956 et
1456 902 1880 972 peremptorium
1906 900 2070 953 michi
2095 899 2315 952 nomine
2342 900 2452 952 dic-

84 1001 150 1039 De
169 1002 320 1041 eodem.
454 993 636 1038 torum
677 987 1018 1041 dominorum
1054 1007 1297 1041 meorum
1336 989 1671 1058 procuratori
1713 987 1995 1057 assignetis
2039 987 2107 1038 ad
2150 985 2452 1038 exhibenda

453 1090 631 1124 coram
650 1073 806 1125 vobis
832 1074 1106 1143 privilegia
1125 1075 1418 1126 eorundem
1440 1074 1543 1126 sibi
1562 1093 1592 1125 a
1612 1073 1738 1126 sede
1758 1072 2051 1142 apostolica
2070 1089 2340 1136 concessa,
2356 1089 2453 1140 per

452 1175 555 1226 que
573 1156 679 1226 ipsi
703 1157 1016 1226 provisioni,
1036 1177 1196 1228 quam
1221 1159 1392 1211 facere
1416 1158 1696 1210 intenditis
1722 1158 1867 1210 dicto
1893 1157 2153 1210 Willelmi
2179 1156 2451 1226 Campiun

450 1242 517 1294 de
555 1243 777 1295 ecclesia
821 1244 887 1296 de
929 1244 1200 1313 Cloptona
1242 1262 1388 1296 nunc
1427 1251 1667 1307 vacante,
1706 1244 1859 1313 cujus
1897 1244 1988 1313 jus
2027 1250 2343 1313 patronatus
2384 1243 2453 1294 acl

450 1328 669 1380 eosdem
711 1328 959 1381 dominos
1003 1347 1153 1381 meos
1193 1329 1435 1381 noscitur
1479 1336 1736 1399 spectare,
1776 1329 2085 1394 intendunt,
2124 1348 2192 1382 ne
2231 1329 2299 1381 ad
2332 1346 2450 1381 eam

450 1413 772 1481 procedatiS,
791 1415 940 1484 juste
967 1415 1199 1469 obviare.

525 1499 666 1551 Item
692 1508 818 1569 peto
846 1501 988 1570 quod
1016 1502 1364 1572 excepciones
1404 1503 1462 1555 in
1487 1504 1627 1555 facto
1673 1501 1996 1555 constitutas
2038 1520 2105 1554 ex
2144 1509 2295 1572 parte
2340 1502 2450 1554 dic-

448 1592 630 1636 torum
669 1586 1010 1638 dominorum
1053 1606 1298 1642 meorum
1335 1589 1462 1641 alias
1501 1607 1679 1641 coram
1716 1588 1870 1641 vobis
1907 1588 1965 1639 in
2002 1588 2106 1639 hoc
2131 1587 2321 1639 eodem
2359 1605 2455 1638 ne·

447 1670 602 1740 gocio
644 1679 829 1724 contra
883 1671 1087 1724 dictum
1131 1671 1467 1724 Willelmum
1509 1670 1778 1740 Campiun
1819 1678 1875 1722 et
1917 1670 2033 1738 ejus
2067 1669 2450 1738 provisionem,

450 1773 611 1825 quam
651 1758 824 1809 facere
860 1757 1160 1821 intenditis,
1202 1756 1260 1807 in
1303 1758 1475 1808 forma.
1509 1755 1645 1825 juris
1683 1755 1988 1824 propositas
2033 1753 2348 1820 admittatiS,
2395 1764 2451 1808 et

449 1840 593 1893 diem
619 1842 782 1895 michi
807 1843 875 1894 ad
913 1842 1128 1894 easdem
1154 1840 1459 1911 probandas
1485 1840 1787 1910 assignetiS‚
1822 1839 2056 1908 alioquin
2085 1839 2267 1891 sedem
2293 1859 2448 1910 apos-

447 1925 663 1977 tolicam
704 1934 759 1978 et
803 1927 986 1978 sedem
1033 1925 1322 1978 Cantuarie
1361 1943 1459 1995 pro
1509 1925 1745 1978 tuicione
1785 1944 1817 1976 a
1857 1924 2013 1977 vobis
2063 1942 2299 1993 provoco
2355 1945 2450 1979 seu

446 2011 658 2080 appello
684 2011 740 2063 in
765 2011 869 2063 hiis
897 2011 1127 2081 scriptiS.

519 2095 659 2147 Item
687 2095 810 2164 quia
836 2096 993 2148 dictis
1032 2096 1264 2148 dominis
1291 2095 1425 2148 meis
1465 2113 1578 2148 non
1612 2095 1816 2148 vocatis
1842 2101 1904 2146 ut
1927 2094 2251 2148 interessent
2275 2097 2451 2167 inqui-

444 2181 633 2233 sicioni
660 2182 725 2233 de
744 2181 936 2234 vitaet
962 2181 1375 2234 conversacione
1400 2181 1530 2233 dicti
1556 2180 1844 2247 Willelmi3
1888 2181 2006 2251 ipsa
2030 2181 2313 2251 inquisicio
2339 2202 2451 2235 non

443 2275 609 2333 tenet,
635 2269 780 2320 unde
805 2276 934 2338 peto
959 2268 1150 2320 iterato
1169 2267 1383 2336 inquiri.

519 2353 659 2406 Item
688 2354 811 2423 quia
834 2372 952 2418 VOS,
992 2354 1209 2406 domine
1235 2353 1518 2406 Lincolnie
1557 2354 1826 2422 episcope,
1864 2372 1951 2406 me
1986 2372 2148 2423 super
2172 2355 2448 2423 premissis

444 2439 645 2502 audire,
672 2446 727 2491 et
760 2440 1034 2508 justiciam
1065 2439 1229 2491 michi
1260 2440 1480 2492 nomine
1514 2440 1781 2492 dictorum
1822 2440 2165 2492 dominorum
2204 2459 2448 2494 meorum

443 2525 616 2576 facere
642 2525 899 2577 recusatis
943 2525 1123 2576 minus
1161 2526 1327 2594 juste,
1365 2544 1464 2594 ego
1492 2526 1736 2578 senciens
1762 2526 1981 2578 eosdem
2022 2526 2271 2579 dominos
2298 2547 2448 2581 meos

444 2616 500 2662 et
544 2626 629 2660 me
669 2608 888 2660 nomine
927 2608 1170 2677 ipsorum
1196 2627 1226 2659 a
1250 2609 1404 2660 vobis
1444 2609 1684 2661 indebite
1713 2611 2030 2678 pregravari‚
2069 2612 2252 2662 sedem
2291 2631 2448 2681 apos-

442 2693 660 2746 tolicam
696 2685 727 2745 a
765 2692 922 2746 vobis
963 2693 1173 2763 appello
1219 2700 1274 2745 et
1329 2694 1603 2763 apostolos
1647 2702 1793 2763 pet0,
1835 2702 1890 2746 et
1930 2695 2112 2747 sedem
2159 2695 2447 2750 Cantuarie

443 2798 543 2849 pro
569 2779 822 2832 tuicione.

519 2866 662 2918 Item
688 2865 811 2935 quia
836 2873 953 2918 acta
978 2884 1157 2918 coram
1176 2865 1331 2919 vobis
1356 2865 1540 2918 habita
1558 2866 1615 2917 in
1640 2865 1910 2935 puplicam
1936 2865 2163 2917 formam
2187 2867 2443 2937 redigere,

449 2958 505 3004 et
545 2951 717 3020 sigillo
757 2959 958 3016 vestro,
1001 2959 1166 3021 prout
1205 2952 1370 3004 moris
1426 2959 1527 3016 est,
1578 2951 1911 3004 communire
1954 2951 2214 3004 recusatis
2264 2954 2443 3006 minus

437 3037 621 3108 juste3
649 3054 747 3105 ego
774 3037 943 3090 dictas
971 3038 1126 3090 sedes
1151 3038 1363 3107 appello
1389 3045 1444 3090 et
1468 3038 1743 3107 apostolos
1768 3043 1915 3106 peto,

519 3122 734 3175 Deinde
759 3123 1015 3175 innovata
1039 3124 1143 3175 fuit
1168 3123 1480 3192 appellaci0‚
1507 3123 1608 3175 sub
1633 3123 1733 3175 hac
1758 3124 1961 3175 forma:

518 3207 638 3276 Ego
666 3206 872 3276 Symon
888 3207 1138 3277 Wlwyne
1165 3208 1230 3259 de
1259 3208 1441 3276 Burgo
1469 3207 1708 3271 clericuS,
1733 3215 2048 3276 procurator
2072 3208 2442 3278 religiosorum

444 3292 684 3345 virorum
709 3291 918 3344 abbatis
945 3300 1000 3345 et
1025 3300 1324 3346 conventus
1359 3293 1426 3345 de
1453 3294 1635 3362 Burgo
1663 3293 1834 3345 sancti
1862 3294 2024 3358 Petri,
2051 3295 2443 3364 appellaciones

445 3395 511 3429 ex
549 3386 701 3447 parte
726 3379 1020 3432 eorundem
1062 3398 1093 3431 a
1134 3379 1289 3433 vobis
1328 3379 1621 3433 reverendo
1664 3386 1815 3449 patre
1843 3379 2063 3432 domino
2091 3380 2311 3434 Olivero
2337 3383 2443 3435 Dei
