2774 3952
962 457 1317 494 cHRomcoN
1347 455 1891 493 ΡΕΤΒοΒυΒοΕΝεΕ.
2346 442 2443 490 125
2482 486 2486 490 .

421 582 704 653 predictus
731 582 903 635 abbas
922 583 1042 636 illos
1067 583 1196 637 facit
1219 583 1401 637 venire
1426 584 1494 636 ad
1521 583 1838 635 mandatum
1863 577 2070 632 domini
2096 577 2279 647 Regis.
2361 580 2438 630 Et

433 688 497 722 eo
522 676 757 723 warento
784 670 978 722 clamat
1003 670 1198 722 habere
1217 670 1514 740 predictam
1539 668 1832 738 prisonam.

503 755 582 807 Et
606 758 782 824 quoad
805 755 1085 808 hundreda
1110 756 1176 808 de
1204 753 1583 818 Houkeslawe,
1610 750 1915 815 Pokebrok,
1954 748 2436 813 Northavislunde,

70 860 166 912 (sol,
180 861 311 902 cxviii.
328 864 406 915 ro.)
432 844 453 906 l
471 840 906 905 Suthavislunde,
927 849 982 893 et
1000 840 1291 894 Navisford
1310 861 1326 904 3
1359 839 1488 891 dicit
1507 838 1652 908 quod
1673 836 1935 888 Ricardus
1955 836 2073 886 Rex
2089 834 2437 904 Anglie,con-

433 925 756 995 sanguineus
777 925 939 995 Regis
955 943 1119 990 nunc,
1135 924 1403 978 concessit
1420 923 1716 976 Benedicto
1733 920 1915 974 abbati
1931 919 2100 989 Burgi
2116 929 2170 972 et
2185 920 2436 972 omnibus

433 1010 830 1064 successoribus
869 1010 981 1062 suis
1031 1017 1086 1062 et
1133 1009 1412 1062 monachis
1461 1009 1665 1061 ibidem
1714 1008 1835 1060 Deo
1887 1006 2262 1071 servientibUS,
2314 1013 2436 1060 octo

430 1097 712 1149 hundreda
738 1115 834 1148 sua
858 1103 913 1148 et
932 1095 1181 1166 justicias
1208 1096 1275 1148 de
1314 1095 1518 1148 eisdem
1543 1093 1860 1159 hundrediS,
1904 1093 2070 1146 libere
2096 1099 2153 1146 et
2178 1092 2357 1162 quiete
2383 1100 2439 1144 et

429 1181 684 1251 plenarie,
709 1199 832 1233 cum
850 1179 1110 1232 'omnibus
1135 1179 1473 1232 libertatibus
1499 1187 1554 1232 et
1577 1178 1759 1231 liberis
1786 1177 2286 1231 consuetudinibus
2361 1177 2438 1228 Et

431 1266 576 1334 quod
600 1264 834 1317 habeant
851 1264 1094 1339 francum
1112 1263 1351 1334 plegium
1367 1263 1424 1315 in
1441 1263 1686 1315 custodia
1702 1280 1799 1315 sua
1819 1263 1886 1315 de
1906 1261 2160 1315 omnibus
2183 1261 2436 1314 dominiis

430 1361 486 1405 et
508 1351 804 1404 hundredis
831 1351 959 1403 suis·
1033 1351 1109 1403 Et
1135 1351 1282 1420 quod
1304 1350 1540 1402 habeant
1578 1350 1636 1402 in
1680 1349 1934 1402 omnibus
1977 1348 2274 1400 hundredis
2321 1347 2436 1400 suis

430 1438 683 1507 quicquid
706 1437 1005 1490 vicecomes
1030 1437 1195 1489 habet
1218 1437 1276 1488 in
1311 1435 1603 1488 dominicis
1619 1435 1915 1487 hundredis
1957 1434 2087 1498 suiS,
2114 1434 2358 1486 similiter
2383 1442 2439 1487 et

427 1523 484 1574 in
511 1522 762 1574 omnibus
789 1522 1040 1574 dominiis
1068 1522 1197 1585 suis,
1222 1522 1279 1573 in
1306 1521 1692 1591 cujuscumque
1728 1520 1944 1572 ballivia
1982 1519 2199 1584 fuerint,
2237 1527 2292 1571 et
2315 1520 2437 1572 ideo

426 1607 706 1677 prohibuit
752 1607 897 1659 idem
948 1607 1199 1659 dominus
1251 1608 1370 1659 Rex
1432 1605 1715 1669 RicarduS,
1778 1622 1848 1656 ne
1897 1604 2089 1673 aliquis
2137 1604 2437 1657 vicecomes

426 1693 515 1745 vel
538 1691 731 1761 aliquis
754 1691 888 1743 alius
916 1710 972 1744 se
1009 1691 1136 1744 inde
1161 1691 1505 1755 intromittat,
1531 1690 1638 1742 nisi
1679 1689 1786 1759 ipsi
1829 1696 1886 1742 et
1928 1689 2113 1742 ballivi
2154 1689 2255 1754 sui,
2300 1708 2436 1759 quos
2494 1732 2499 1737 .

425 1777 503 1830 ibi
526 1794 726 1846 ponere
750 1776 1036 1830 voluerint.
1094 1775 1366 1842 TestibuS,
1396 1775 1700 1829 Gwillelmo
1728 1774 1937 1827 Eliensi
1957 1775 2211 1844 episcopo
2232 1775 2438 1828 cancel-

427 1863 558 1915 lario
586 1862 792 1915 domini
818 1863 1000 1933 Regis,
1026 1863 1171 1933 apud
1199 1864 1579 1931 Rotomagum,
1605 1861 1714 1914 xxi.
1742 1861 1828 1913 die
1855 1860 2066 1925 Marcii,
2093 1867 2196 1912 etc.

424 1990 427 1994 .
501 1949 577 2000 Et
603 1948 881 2001 Gilbertus
909 1950 974 2001 de
994 1950 1306 2001 Torentona
1332 1956 1434 2000 etc.
1454 1948 1546 2017 qui
1572 1947 1813 2017 sequitur
1837 1965 1936 2016 pro
1956 1948 2119 2014 Rege,
2141 1945 2272 1998 dicit
2290 1947 2436 2015 quod

429 2035 683 2104 quicquid
707 2035 982 2103 predictus
1010 2034 1175 2087 abbas
1202 2034 1367 2086 habet
1390 2033 1449 2085 in
1485 2033 1825 2085 libertatibus
1854 2032 2068 2100 Regiis3
2103 2032 2207 2083 hoc
2233 2040 2316 2084 est
2339 2050 2437 2101 per

423 2119 834 2172 ⁴concessionem
860 2119 1266 2188 progenitorum
1293 2118 1475 2188 Regis,
1496 2126 1551 2170 et
1576 2136 1644 2170 ex
1663 2136 1769 2187 quo
1785 2117 2062 2187 predictus
2083 2115 2248 2168 abbas
2269 2117 2437 2170 nichil

432 2204 660 2274 speciale
695 2204 936 2256 ostendit
973 2205 1039 2256 de
1074 2204 1315 2274 predicta
1345 2204 1565 2274 prisona
1600 2203 1849 2255 habenda
1867 2222 1883 2267 3
1924 2202 2139 2255 videtur
2189 2202 2239 2254 ei
2288 2205 2436 2272 quod

431 2289 682 2343 seisinam
702 2308 863 2359 quam
888 2290 1114 2359 allegat3
1159 2308 1271 2342 non
1297 2289 1458 2342 debet
1482 2289 1532 2342 ei
1556 2307 1674 2341 esse
1701 2288 1970 2340 sufficiens
1997 2295 2311 2341 warentum.
2360 2290 2437 2342 Et

429 2383 669 2444 preterea
694 2375 824 2428 dicit
849 2375 994 2445 quod
1020 2375 1065 2426 si
1102 2393 1321 2428 necesse
1346 2375 1507 2427 fuerit
1525 2396 1540 2440 3
1585 2375 1704 2427 vult
1738 2373 2011 2427 verificare
2054 2391 2152 2443 per
2189 2374 2436 2443 patriam,

432 2462 577 2529 quod
591 2468 834 2530 tempore
857 2460 1083 2513 Henrici
1104 2461 1285 2530 Regis,
1305 2461 1472 2530 patris
1495 2460 1657 2530 Regis
1678 2478 1824 2512 nunc
1843 2481 1860 2524 3
1893 2460 2299 2528 predecessores
2314 2479 2437 2530 pre-

432 2546 561 2598 dicti
580 2546 788 2598 abbatis
805 2546 1007 2598 nullam
1025 2545 1332 2598 habuerunt
1347 2546 1638 2615 prisonam,
1650 2545 1744 2598 sed
1762 2552 1976 2597 tantum
1991 2543 2214 2597 liberam
2234 2545 2436 2598 curiam

431 2630 667 2694 baronie,
695 2632 762 2683 ad
799 2632 1063 2684 latronem
1105 2650 1432 2701 manuopere
1473 2639 1690 2701 captum
1726 2630 2082 2700 judicandum
2128 2649 2226 2700 per
2266 2649 2436 2684 sacra-

434 2725 693 2783 mentum,
719 2717 967 2769 ministro
994 2717 1156 2787 Regis
1194 2726 1250 2770 et
1292 2725 1607 2770 coronatore
1649 2717 2012 2786 presentibUS,
2056 2725 2220 2786 prout
2264 2718 2435 2771 decet.

430 2803 509 2855 Et
551 2804 694 2872 quod
738 2811 980 2872 ternpore
1019 2802 1246 2872 predicti
1283 2802 1507 2855 Henrici
1535 2802 1695 2872 Regis
1735 2803 1910 2872 primo
1951 2802 2293 2871 appropriata
2331 2803 2436 2856 fuit

433 2887 649 2956 prisona
672 2887 912 2957 predicte
956 2885 1192 2953 abbacie,
1220 2898 1275 2939 et
1312 2888 1599 2956 justiciarii
1639 2887 1846 2940 domini
1885 2886 2048 2956 Regis
2093 2887 2270 2956 primo
2307 2906 2434 2956 pro-

435 2973 596 3026 creati
621 2974 688 3026 ad
712 2973 1010 3043 predictam
1035 2974 1243 3043 gaolam
1271 2973 1670 3025 deliberandam
1713 2991 1810 3042 per
1850 2973 1994 3025 curie
2033 2972 2433 3042 surrepcionem

433 3057 491 3108 in
515 3058 774 3112 lesionem
800 3059 1075 3129 dignitatis
1102 3077 1297 3111 corone
1324 3067 1379 3111 et
1402 3059 1574 3128 ipsius
1601 3059 1764 3128 Regis
1800 3059 2097 3129 dampnum
2123 3077 2234 3112 non
2260 3060 2434 3111 modi-

435 3161 578 3206 cum,
604 3151 704 3196 etc.

513 3227 710 3279 Postea
746 3246 776 3280 a
802 3229 888 3281 die
916 3230 1120 3283 Pasche
1151 3230 1208 3281 in
1251 3248 1422 3282 unum
1462 3248 1706 3283 mensem
1750 3249 1893 3284 anno
1933 3234 2043 3283 xv⁰.
2084 3248 2243 3299 quem
2288 3229 2430 3281 diem

436 3310 626 3363 habuit
648 3329 744 3380 per
769 3330 1110 3367 communem
1136 3315 1633 3384 proclamationem,
1658 3316 1809 3369 venit
1833 3316 2108 3385 predictus
2135 3313 2298 3366 abbas
2336 3332 2432 3382 per

437 3401 768 3447 attornatum
796 3414 974 3462 suum,
1000 3405 1055 3450 et
1098 3398 1256 3451 datus
1283 3406 1366 3451 est
1392 3399 1440 3451 ei
1468 3399 1582 3452 dies
1611 3418 1789 3452 coram
1814 3397 2169 3452 Thesaurario
2196 3405 2251 3449 et
2275 3396 2430 3449 baro-
