2774 3952
117 1581 335 1633 Helpiston.

120 2179 358 2231 Hmnayium
375 2180 422 2218 de

120 2235 157 2273 A
160 2234 352 2285 ylinyton.

125 2465 224 2515 (fol.
237 2464 381 2505 cxxxii.
397 2461 468 2514 t7⁴³.)

481 419 582 466 152
1010 427 1367 465 CHRONICON
1397 428 1945 465 Pn'rnossnnonwsn.

477 555 757 625 presencia
798 555 836 607 J
839 554 1065 607 ohannis
1109 555 1175 607 de
1217 554 1451 618 Setford,
1491 554 1611 606 Ade
1650 553 1718 605 de
1758 552 2042 622 Clipstona
2079 551 2486 616 monachorum,

477 640 687 692 Thome
714 640 780 692 de
807 640 1098 703 Hendona,
1143 639 1368 692 Roberti
1409 639 1507 691 filii
1545 638 1806 691 Willelmi
1841 638 1907 690 de
1931 638 2118 707 Thorp
2161 645 2217 690 et
2241 637 2486 701 aliorum,

479 742 623 776 anno
648 724 876 777 Domini
903 725 1117 776 M⁰.oo⁰.
1145 724 1513 793 Nonagesimo
1542 723 1771 777 Quarto.

551 810 717 862 Anno
756 809 983 861 Domini
1010 809 1223 861 M⁰.cc⁰.
1252 809 1622 878 Nonagesimo
1669 809 1896 872 Quarto,
1923 807 2008 860 die
2048 806 2488 860 circumcisionis

481 894 726 958 Domini,
754 895 1025 947 Henricus
1054 894 1262 946 Bretun
1289 895 1355 946 de
1381 895 1714 964 Lotingtona
1738 894 1864 946 fecit
1902 893 2213 962 homagium
2239 899 2295 944 et
2317 891 2487 944 fideli-

481 986 649 1031 tatem
675 979 896 1031 domino
923 979 1155 1031 Ricardo
1183 980 1249 1031 de
1275 980 1578 1032 Londoniis
1605 980 1788 1032 abbati
1827 979 1893 1032 de
1920 979 2103 1047 Burgo
2131 977 2305 1029 sancti
2344 976 2490 1029 Petri

481 1063 627 1131 apud
654 1063 915 1131 Burgum,
940 1080 1040 1132 pro
1066 1070 1378 1115 tenemento
1397 1064 1543 1133 quod
1569 1065 1635 1117 de
1660 1065 1781 1134 ipso
1807 1071 1959 1116 tenet
1981 1063 2039 1114 in
2057 1061 2490 1130 Wermingtona,

479 1148 538 1199 in
561 1148 841 1216 presencia
880 1147 1058 1199 fratris
1084 1148 1204 1200 Ade
1231 1149 1298 1200 de
1326 1148 1611 1217 Clipstona
1647 1149 1914 1213 monachi,
1960 1148 2215 1218 Symonis
2247 1147 2323 1199 de
2362 1147 2491 1198 Pas-

480 1240 612 1285 tona
636 1231 821 1284 ballivi
846 1241 902 1285 et
926 1233 1172 1285 aliorum.

558 1316 979 1369 Memorandum
1018 1317 1163 1386 quod
1199 1317 1285 1369 die
1330 1317 1503 1369 sancti
1531 1317 1795 1387 Gregorii,
1822 1335 1965 1370 anno
2002 1317 2231 1370 Domini
2273 1317 2491 1370 M⁰.cc⁰.

487 1402 857 1472 Nonagesimo
885 1410 1095 1471 quart0,
1118 1403 1364 1471 Rogerus
1391 1402 1458 1454 de
1487 1403 1735 1455 Hecham
1761 1402 1890 1455 fecit
1906 1401 2216 1471 homagium
2242 1409 2297 1454 et
2320 1401 2494 1453 fideli-

483 1494 651 1540 tatem
678 1486 900 1539 domino
925 1487 1155 1539 Ricardo
1182 1487 1249 1539 de
1274 1487 1580 1540 Londoniis
1606 1487 1790 1540 abbati
1834 1488 1901 1539 de
1927 1487 2111 1556 Burgo
2139 1486 2311 1539 sancti
2346 1485 2492 1539 Petri

484 1572 630 1640 apud
657 1572 919 1640 Burgum,
939 1590 1038 1640 pro
1058 1579 1371 1624 tenemento
1389 1573 1534 1642 quod
1561 1572 1628 1625 de
1652 1571 1772 1641 ipso
1799 1579 1950 1624 tenet
1973 1571 2031 1623 in
2058 1572 2415 1641 Helpestona,
2433 1572 2491 1623 in

484 1656 763 1726 presencia
804 1657 1008 1708 domini
1040 1656 1272 1709 Galfridi
1315 1658 1383 1710 de
1410 1658 1717 1720 Carletona,
1763 1657 1820 1709 S.
1847 1657 1912 1709 de
1958 1657 2238 1720 Frestona,
2278 1657 2398 1708 Ade
2425 1657 2492 1708 de

488 1741 791 1811 Clipstona,
835 1742 1240 1806 monachorum,
1271 1742 1504 1795 Gilberti
1549 1743 1616 1795 de
1644 1742 1872 1795 Sottona
1914 1748 2045 1793 tunc
2082 1739 2266 1793 ballivi
2306 1741 2491 1810 Burgi,

487 1827 687 1896 Rogeri
712 1828 778 1879 de
807 1827 1078 1896 Cloptona
1104 1835 1159 1880 et
1183 1827 1427 1879 aliorum.

535 1912 980 1964 ¹Memorandum
1007 1913 1153 1980 quod
1179 1912 1264 1964 die
1291 1913 1662 1982 apostolorum
1684 1911 1829 1965 Petri
1849 1919 1904 1964 et
1931 1911 2082 1963 Pauli
2107 1929 2250 1963 anno
2266 1910 2493 1963 Domini

488 1996 703 2048 M⁰.cc⁰.
723 1996 1093 2065 Nonagesimo
1111 1996 1301 2065 quinto
1322 2004 1378 2049 et
1402 1998 1555 2067 regni
1575 1997 1737 2066 Regis
1757 1997 2012 2049 Edwardi
2030 1995 2197 2048 xxiii⁰.
2218 1995 2493 2048 Robertus

489 2081 555 2133 de
583 2081 818 2133 Pottona
843 2081 1098 2149 cognovit
1137 2099 1194 2133 se
1220 2089 1402 2134 tenere
1428 2089 1740 2134 tenementa
1766 2099 1870 2150 que
1894 2081 2060 2133 habet
2085 2098 2153 2133 ex
2179 2080 2494 2133 dimissione

490 2165 697 2218 domini
730 2164 1005 2234 Radulphi
1042 2166 1334 2218 Portehors
1359 2166 1416 2218 in
1443 2166 1776 2237 Aylingtona
1815 2167 1884 2218 ad
1922 2165 2215 2217 terminum
2261 2173 2496 2234 septem-

492 2252 676 2304 decem
720 2267 984 2302 annorum
1024 2257 1271 2315 tantum3
1309 2259 1365 2303 et
1408 2252 1475 2303 de
1518 2252 1622 2304 hoc
1647 2251 1793 2321 apud
1838 2252 2083 2321 Burgum
2123 2250 2210 2302 die
2249 2251 2494 2320 predicto

491 2337 618 2390 fecit
641 2336 975 2389 fidelitatem.

1316 2483 1676 2518 HOMAGIUM.

566 2577 986 2629 Memorandum
1031 2578 1177 2646 quod
1223 2577 1413 2630 Simon
1461 2578 1512 2630 le
1559 2577 1800 2629 Creuker
1841 2577 1907 2629 de
1953 2577 2327 2647 Messingham
2370 2579 2497 2631 fecit

492 2661 803 2731 homagium
841 2670 896 2715 et
931 2662 1245 2714 fidelitatem
1272 2663 1493 2714 domino
1532 2663 1763 2715 Ricardo
1790 2663 1856 2715 de
1896 2664 2197 2716 Londoniis
2222 2664 2403 2716 abbati
2429 2665 2496 2717 de

495 2748 678 2817 Burgo
695 2747 866 2800 sancti
887 2746 1049 2812 Petri,
1067 2747 1153 2799 die
1180 2747 1351 2799 sancti
1375 2747 1413 2799 J
1416 2747 1643 2799 ohannis
1664 2747 2027 2816 Evangeliste,
2052 2767 2150 2817 pro
2171 2749 2495 2801 tenementis

495 2851 600 2902 que
625 2834 692 2886 de
718 2852 782 2886 eo
809 2840 960 2885 tenet
983 2833 1041 2884 in
1068 2832 1461 2901 Messingham‚
1493 2833 1550 2884 in
1588 2833 1867 2903 presencia
1892 2832 2234 2884 dominorum
2270 2832 2497 2885 Roberti

498 2918 564 2970 de
591 2917 877 2988 Scheffeld,
900 2925 955 2969 et
979 2917 1016 2969 J
1019 2917 1247 2968 ohannis
1269 2918 1335 2969 de
1355 2917 1688 2987 Asfortheby
1707 2917 1927 2969 rectoris
1954 2916 2174 2969 ecclesie
2201 2917 2267 2969 de
2289 2917 2497 2983 Castre,

499 3002 715 3054 Radulfi
754 3002 819 3053 de
848 3001 1048 3053 Carum
1075 3008 1130 3052 et
1170 3001 1415 3065 aliorum,
1460 3019 1602 3053 anno
1646 3000 1871 3052 Domini
1916 3002 2129 3054 M⁰.cc⁰.
2166 3003 2523 3072 octogesimo·

497 3105 664 3151 non0,
681 3094 737 3138 et
760 3103 902 3137 anno
921 3086 1049 3137 dicti
1070 3086 1275 3138 domini
1302 3087 1517 3139 Ricardi
1542 3086 1751 3138 abbatis
1779 3086 2010 3156 septimo
2031 3086 2256 3149 decimO,
2277 3095 2331 3138 et
2356 3106 2498 3140 anno

499 3173 649 3242 regni
691 3172 854 3241 Regis
900 3171 1153 3223 Edwardi
1195 3173 1403 3225 decimo
1447 3179 1656 3226 octavo.
1732 3173 1807 3224 Et
1847 3171 2126 3224 sciendum
2171 3172 2316 3240 quod
2352 3171 2497 3225 idem

502 3257 688 3310 Simon
739 3256 979 3309 Creuker
1027 3256 1295 3309 fatebatur
1339 3265 1394 3309 et
1446 3257 1756 3327 recognovit
1806 3275 1863 3309 se
1912 3263 2095 3309 tenere
2140 3258 2206 3310 de
2255 3257 2498 3327 predicto

500 3343 692 3396 abbate
718 3343 775 3407 in
820 3342 993 3412 capite
1019 3361 1190 3394 unum
1217 3343 1575 3413 mesuagium,
1601 3351 1658 3395 et
1682 3343 1868 3395 decern
1893 3342 2116 3396 bovatas
2143 3351 2198 3395 et
2224 3343 2500 3394 dimidiam
