2774 3952
1020 435 1373 475 CHRONICON
1406 438 1949 476 PETROBURGENSE·
2423 429 2492 476 69

484 563 569 616 sui
596 582 928 628 communes,
956 574 1011 616 et
1036 566 1181 634 quod
1208 566 1385 618 nullus
1412 584 1596 618 eorum
1623 567 1724 618 fuit
1750 566 1907 618 alicui
1932 565 2291 634 apropriatUS,
2312 574 2367 618 et
2386 567 2490 620 hoc

485 658 698 719 ponunt
724 669 780 702 se
808 669 968 719 super
993 652 1238 720 patriam,
1265 660 1319 704 et
1343 652 1510 704 abbas
1531 661 1586 704 et
1606 653 1694 703 alii
1715 651 1977 704 similiter.
2017 651 2152 703 Ideo
2171 659 2489 721 preceptum

485 737 588 788 fuit
611 737 950 805 (vicecomiti)
983 739 1127 808 quod
1143 739 1326 792 venire
1345 738 1504 794 faciat
1519 739 1662 808 apud
1681 738 1973 807 Sallopiam
1993 738 2062 789 ad
2087 738 2356 807 prefatum
2383 746 2489 791 ter-

485 823 711 888 minum,
728 823 978 877 videlicet
997 831 1180 876 sancte
1197 823 1816 892 Trinitatis,xii.etc.per
1835 841 1971 892 quos
1992 830 2094 875 etc.
2115 823 2181 875 ad
2203 842 2395 894 recogn
2404 845 2490 877 os-

484 909 715 961 cendum
741 928 865 962 cum
891 911 1064 963 forma
1089 909 1347 979 predicta,
1374 909 1467 978 qui
1493 916 1604 961 tam
1644 916 1747 961 etc.
1775 916 1830 960 et
1861 909 2021 960 datus
2061 917 2145 962 est
2178 909 2255 962 eis
2283 910 2398 963 dies
2431 911 2486 962 in

479 995 716 1048 crastino
743 993 914 1048 sancti
939 994 1166 1047 Martini
1191 994 1336 1063 apud
1362 994 1666 1063 Salopiam3
1706 1000 1761 1046 et
1785 1001 1916 1047 tunc
1950 994 2173 1064 ponitur
2206 996 2387 1065 jurata
2431 998 2486 1048 in

482 1088 731 1150 respectu
754 1098 925 1151 usque
949 1099 981 1132 a
1006 1080 1091 1133 die
1120 1081 1326 1133 Pasche
1359 1080 1417 1132 in
1443 1087 1553 1133 tres
1592 1079 1921 1148 septimanas
1955 1098 2055 1149 pro
2094 1081 2307 1134 defectu
2338 1084 2486 1152 jura—

481 1174 678 1219 torum.
751 1166 838 1218 Ad
865 1184 1023 1235 quem
1051 1165 1194 1218 diem
1213 1184 1401 1218 omnes
1427 1166 1648 1218 fuerunt
1673 1165 1949 1229 essoniati,
1966 1173 2021 1217 et
2039 1165 2205 1218 abbas
2223 1168 2372 1220 venit
2389 1188 2486 1238 per

481 1259 812 1304 attornatum
835 1271 1016 1317 suum,
1037 1260 1092 1306 et
1116 1252 1308 1305 habuit
1328 1252 1470 1304 diem
1496 1252 1553 1303 in
1599 1250 1834 1304 crastino
1870 1251 2210 1317 Animarum,
2245 1254 2350 1306 nisi
2384 1255 2485 1308 Jo-

478 1339 684 1392 hannes
706 1339 772 1392 de
790 1340 1026 1392 Luvetot
1039 1339 1127 1392 vel
1142 1339 1448 1391 Willelmus
1470 1339 1536 1390 de
1557 1339 1894 1407 Bromptona
1912 1337 2063 1407 prius
2084 1339 2151 1389 ad
2170 1348 2350 1408 partes
2366 1340 2484 1394 illas

476 1426 740 1491 venerint,
765 1445 864 1496 pro
892 1427 1104 1479 defectu
1124 1426 1448 1495 juratorum,
1464 1425 1589 1494 quia
1613 1424 1796 1476 nullus
1815 1424 1984 1478 venit.
2035 1424 2125 1476 Ad
2151 1444 2311 1495 quem
2339 1427 2482 1480 diem

476 1531 666 1566 omnes
691 1512 918 1583 predicti
943 1520 998 1565 et
1034 1512 1196 1582 plegii
1236 1529 1422 1564 eorum
1449 1511 1504 1562 in
1547 1510 1932 1575 misericordia,
1959 1510 2083 1580 quia
2125 1529 2238 1563 non
2263 1513 2484 1566 fuerunt

474 1600 766 1669 prosecuti,
799 1606 855 1652 et
903 1598 1069 1651 abbas
1118 1599 1245 1650 inde
1297 1598 1413 1650 sine
1463 1597 1551 1650 die
1599 1595 1841 1660 recessit,
1884 1604 1941 1649 et
1989 1596 2157 1649 habet
2195 1605 2481 1652 returnum

473 1685 793 1738 averiorum.
845 1685 1040 1738 Cetera
1066 1684 1247 1737 omnia
1264 1683 1569 1754 predictum
1592 1682 1855 1753 placitum
1878 1682 2163 1752 tangencia
2189 1694 2483 1754 querantur

472 1769 528 1820 in
547 1768 684 1822 libro
704 1768 1042 1838 placitorum.

104 1862 209 1913 (sol.
229 1863 350 1904 xcvii.
369 1862 448 1917 v0.)
544 1859 566 1920 l
584 1855 708 1907 Hoc
733 1873 876 1908 anno
902 1854 1250 1908 terminatum
1278 1861 1363 1907 est
1387 1853 1646 1925 placitum
1672 1852 1815 1906 inter
1839 1851 2119 1906 dominum
2147 1853 2398 1909 abbatem
2425 1866 2482 1911 et

103 2031 140 2067 N
144 2031 407 2071 orhamtonie-

105 2097 219 2124 scira.

106 2988 335 3038 Responsio.

471 1941 509 1994 J
513 1940 784 1993 ohannem
810 1941 877 1994 de
901 1941 1029 2006 Ver,
1056 1941 1210 2011 cujus
1236 1958 1524 2010 processus
1551 1939 1895 1993 subnotatur.

543 2027 729 2080 Abbas
757 2027 824 2080 de
851 2027 1034 2096 Burgo
1062 2026 1235 2079 sancti
1255 2027 1402 2079 Petri
1422 2034 1477 2079 et
1495 2026 1805 2079 Willelmus
1845 2025 1911 2077 de
1940 2025 2132 2078 Castre
2159 2028 2478 2081 summoniti

472 2115 691 2166 fuerunt
715 2114 784 2165 ad
807 2112 1248 2182 respondendum
1273 2112 1311 2165 J
1315 2111 1518 2164 ohanni
1544 2112 1611 2164 de
1636 2111 1748 2163 Ver
1773 2112 1840 2163 de
1879 2111 2078 2180 placito
2112 2131 2276 2181 quare
2320 2132 2475 2184 cepe-

472 2205 602 2250 runt
620 2198 796 2250 averia
819 2198 992 2267 ipsius
1008 2198 1279 2251 ,Iohannis
1306 2204 1362 2249 et
1380 2215 1442 2249 ea
1461 2197 1664 2266 injuste
1682 2195 2033 2249 detinuerunt
2049 2203 2236 2249 contra
2253 2198 2473 2251 vadium

472 2292 575 2336 etc.
602 2291 659 2336 et
683 2284 828 2337 unde
855 2284 1096 2354 queritur
1122 2283 1268 2352 quod
1300 2282 1575 2352 predictus
1602 2281 1768 2334 abbas
1795 2281 1881 2332 die
1907 2281 1945 2334 J
1948 2281 2064 2334 ovis
2088 2281 2145 2333 in
2173 2283 2475 2353 septimana

474 2368 841 2433 PentecosteS,
878 2387 1021 2420 anno
1064 2368 1215 2437 regni
1234 2367 1396 2437 Regis
1430 2385 1576 2419 nunc
1600 2365 1737 2419 viiio.
1765 2365 1909 2435 cepit
1951 2373 2007 2418 et
2048 2384 2145 2436 per
2170 2367 2471 2436 predictum

472 2454 810 2507 Willelmum
830 2472 1019 2525 capere
1029 2454 1156 2506 fecit
1175 2461 1284 2506 tres
1301 2453 1468 2505 boves
1487 2451 1659 2522 ipsius
1675 2451 1712 2503 J
1717 2451 1945 2503 ohannis
1962 2452 2472 2523 apudTwywille‚in

470 2540 705 2608 quodam
730 2540 849 2592 loco
875 2539 968 2609 qui
992 2546 1218 2592 vocatur
1244 2538 1433 2602 Helm,
1468 2545 1524 2589 et
1559 2536 1682 2589 illos
1720 2535 1926 2604 fugavit
1950 2543 2005 2588 et
2037 2554 2144 2606 -per
2167 2538 2471 2607 predictum

468 2623 806 2677 Willelmum
821 2626 1006 2694 fugare
1021 2624 1150 2676 fecit
1174 2624 1241 2676 ad
1266 2641 1486 2692 parcum
1515 2639 1675 2673 suum
1714 2620 1780 2672 de
1801 2619 2151 2692 Irtlingburg,
2170 2631 2226 2675 et
2250 2624 2471 2677 eosdem

468 2709 701 2763 detinuit
725 2718 912 2763 contra
936 2710 1155 2764 vadium
1182 2717 1284 2763 etc.
1311 2725 1553 2779 quosque
1581 2706 1860 2759 deliberati
1883 2707 2104 2759 fuerunt
2127 2727 2225 2779 per
2247 2727 2468 2781 precep-

467 2806 586 2850 tum
631 2797 837 2851 domini
864 2798 1045 2869 Regis,
1121 2797 1285 2851 Unde
1329 2796 1460 2849 dicit
1501 2794 1649 2864 quod
1688 2794 2046 2847 deterioratus
2086 2803 2172 2848 est
2209 2805 2264 2849 et
2306 2797 2472 2851 habet

465 2885 763 2954 dampnum
790 2885 859 2937 ad
883 2884 1177 2938 valenciam
1205 2903 1250 2937 c.
1278 2883 1592 2945 solidorum,
1618 2887 1674 2932 et
1696 2879 1822 2931 inde
1847 2881 2100 2949 producit
2125 2889 2347 2948 sectam,
2367 2892 2469 2937 etc.

539 2971 617 3023 Et
640 2971 868 3041 predicti
917 2970 1084 3023 abbas
1125 2978 1181 3023 et
1204 2969 1514 3023 Willelmus
1553 2966 1783 3018 veniunt
1822 2974 1877 3018 et
1921 2966 2224 3021 defendunt
2262 2969 2375 3023 vim
2414 2979 2471 3023 et

467 3055 736 3126 injuriam.
801 3057 1035 3111 Quando
1061 3064 1164 3109 etc.
1227 3056 1303 3108 Et
1327 3053 1603 3124 predictus
1620 3050 1787 3103 abbas
1812 3069 1911 3120 pro
1939 3070 1995 3104 se
2022 3059 2078 3104 et
2101 3071 2200 3122 pro
2224 3054 2468 3122 predicto

469 3141 744 3196 Willelmo
768 3143 907 3196 bene
933 3143 1186 3213 cognovit
1212 3142 1356 3211 quod
1382 3139 1525 3209 cepit
1562 3138 1704 3190 dicta
1736 3135 1912 3189 averia
1931 3144 1986 3188 et
2003 3138 2169 3207 juste,
2189 3139 2314 3209 quia
2339 3140 2470 3191 dicit

471 3227 616 3296 quod
650 3228 768 3299 ipse
789 3230 956 3283 habet
978 3238 1258 3283 returnum
1273 3227 1519 3281 brevium
1539 3222 1745 3277 domini
1774 3221 1937 3292 Regis
1962 3224 2018 3276 in
2039 3226 2281 3295 predicto
2300 3226 2466 3278 comi-

469 3321 586 3367 tatu
599 3312 1012 3381 Norhamtonie‚
1028 3322 1084 3368 et
1099 3314 1243 3384 quod
1258 3312 1488 3366 ballivus
1506 3327 1637 3363 suus
1652 3307 1919 3361 hundredi
1937 3309 2002 3360 de
2015 3309 2391 3373 Houkeslawe,
2407 3309 2463 3359 in

469 3417 575 3469 quo
602 3398 840 3468 predicta
865 3401 1040 3454 averia
1066 3407 1222 3469 capta
1254 3399 1491 3461 fuerunt,
1517 3393 1660 3464 cepit
1683 3392 1740 3443 in
1766 3401 2021 3462 precepto
2062 3411 2156 3462 per
2182 3392 2464 3445 vicecomi-
