2774 3952
979 455 1332 491 cnRonON
1363 457 1904 494 PETROBURGENSE.
2376 442 2443 501 97
2496 486 2500 491 .

447 578 609 631 etiam
649 577 860 631 ballivis
901 580 1212 633 libertatum
1256 582 1594 651 temporibus
1638 582 1937 648 retroactiS,
1981 589 2045 634 ut
2101 582 2306 634 dictum
2362 590 2448 634 est

449 682 626 733 supra,
654 683 832 717 coram
859 668 1080 735 prefatis
1101 668 1414 736 justiciariis
1435 669 1789 721 convenirent
1808 668 1969 720 certis
1996 667 2187 719 diebus
2213 674 2269 719 et
2291 667 2445 731 locis,

447 766 582 817 quos
626 751 854 818 predicti
888 751 1174 820 justiciarii
1198 752 1607 805 vicecomitibus
1649 752 1784 804 scire
1821 752 2076 815 facerent,
2121 769 2245 803 cum
2282 752 2444 803 talliis

448 851 544 885 seu
570 835 687 886 aliis
731 836 1080 905 aquietanciis
1108 836 1220 887 suis
1248 837 1492 905 querelas
1533 855 1713 888 coram
1759 836 1963 888 eisdem
2004 836 2292 888 ostensuri.
2368 838 2446 888 Et

447 920 593 987 quod
620 938 808 972 omnes
845 921 923 972 1111
949 921 1041 990 qui
1074 921 1417 974 vicecomites
1460 940 1556 974 seu
1587 921 1772 974 ballivi
1810 921 2148 991 temporibus
2188 921 2444 990 predictis

446 1005 758 1070 extiterunt,
779 1006 865 1058 vel
889 1007 1113 1059 heredes
1141 1025 1238 1059 seu
1262 1014 1511 1059 tenentes
1538 1014 1706 1060 terras
1733 1007 2046 1072 eorundem,
2068 1007 2113 1058 si
2139 1007 2231 1076 qui
2256 1025 2441 1059 eorum

445 1092 645 1143 mortui
669 1092 885 1156 fuerint,
912 1100 1043 1144 tunc
1080 1092 1407 1145 interessent
1435 1093 1666 1162 querelis
1708 1094 2074 1162 predictorum
2113 1092 2442 1163 responsuri,

445 1177 491 1228 si
541 1177 648 1229 sibi*
694 1178 927 1230 viderint
968 1179 1239 1247 expedire,
1283 1187 1339 1230 et
1382 1180 1528 1248 quod
1571 1179 1946 1248 premunirent
1989 1197 2099 1243 eOS,
2140 1179 2286 1248 quod
2330 1178 2442 1230 sive

444 1263 721 1315 venissent
747 1263 859 1315 sive
884 1283 1014 1339 non,
1040 1264 1109 1315 ad
1134 1265 1450 1334 hujusmodi
1475 1264 1862 1334 inquisiciones
1887 1265 2290 1334 procederetur.
2365 1265 2442 1315 Et

444 1348 590 1417 quod
614 1348 795 1401 venire
822 1350 1059 1402 facerent
1085 1368 1263 1402 coram
1292 1350 1548 1419 predictis
1588 1351 1654 1402 de
1694 1350 1918 1419 singulis
1956 1349 2253 1402 hundredis
2278 1355 2364 1401 tot
2386 1355 2443 1400 et

443 1433 594 1497 taleS,
619 1440 730 1484 tam
757 1434 955 1485 milites
982 1452 1142 1503 quam
1168 1434 1300 1485 alios
1326 1433 1528 1503 probos
1556 1438 1618 1486 et‘
1635 1434 1831 1503 legales
1869 1433 2137 1496 homines,
2163 1431 2254 1501 qui
2294 1431 2444 1483 nulla

440 1518 698 1571 affinitate
741 1519 1026 1588 attingant,
1069 1538 1165 1588 per
1203 1538 1338 1589 quos
1378 1519 1455 1571 rei
1497 1519 1695 1571 veritas
1742 1519 1937 1571 melius
1985 1518 2109 1570 sciri
2152 1525 2342 1587 posset
2383 1524 2441 1568 et

438 1601 653 1671 inquiri.
726 1604 802 1655 Et
827 1605 974 1672 quod
999 1605 1262 1657 haberent
1286 1604 1487 1657 ibidem
1523 1604 1696 1657 tallias
1724 1604 1790 1656 de
1830 1603 2105 1656 Scaccario
2133 1603 2199 1655 de
2243 1602 2440 1655 debitis

438 1686 550 1738 suis
576 1687 664 1738 vel
701 1695 1103 1739 antecessorum
1144 1706 1366 1740 suorum
1405 1687 1598 1739 solutis
1635 1687 1838 1739 ibidem
1881 1687 2128 1739 nondum
2171 1686 2440 1749 allocataS,

438 1772 506 1823 ad
524 1772 828 1825 faciendum
849 1774 995 1843 quod
1016 1774 1093 1826 eis
1121 1774 1373 1826 dominus
1402 1775 1519 1825 Rex
1545 1772 1800 1842 injunxit.
1838 1771 2096 1841 Alioquin
2115 1791 2131 1835 3
2156 1771 2300 1823 tallie
2320 1788 2440 1840 pre-

439 1857 580 1910 dicte
605 1876 705 1927 pro
743 1877 854 1910 non
883 1858 1073 1910 solutis
1099 1866 1480 1928 reputerentur
1522 1866 1577 1911 et
1602 1876 1700 1927 pro
1741 1857 1936 1910 debitis
1963 1857 2020 1909 in
2046 1857 2122 1909 eis
2150 1856 2439 1919 contentiS,

436 1962 498 1995 ac
525 1943 570 1994 si
596 1962 659 1996 ea
683 1962 795 1996 non
823 1944 1132 2008 solvissent,
1160 1945 1627 2013 distringerentur.

510 2029 651 2081 Item
677 2030 1067 2098 proclamatum
1092 2029 1195 2080 fuit
1220 2029 1366 2097 quod
1392 2047 1582 2080 omnes
1620 2029 1857 2097 religiosi
1896 2037 1951 2081 et
1977 2028 2067 2080 alii
2092 2027 2435 2097 quicumque,

435 2114 527 2182 qui
564 2130 662 2181 per
699 2121 870 2165 cartas
896 2114 1338 2181 predecessorum
1380 2114 1587 2166 domini
1614 2113 1776 2182 Regis
1813 2132 1978 2178 nunc,
2003 2114 2091 2165 vel
2130 2113 2234 2164 alio
2268 2112 2434 2164 modo

436 2199 669 2251 clamant
691 2199 888 2250 habere
916 2198 1155 2250 diversas
1192 2198 1487 2263 libertates,
1513 2206 1698 2251 essent
1735 2217 1915 2251 coram
1960 2198 2282 2268 supradictis
2317 2198 2435 2266 jus-

433 2283 653 2335 ticiariis
703 2301 827 2334 cum
879 2282 1039 2334 cartis
1090 2290 1143 2333 et
1194 2282 1547 2334 munimentis
1612 2282 1743 2347 suis,
1795 2282 2066 2334 ostensuri
2127 2281 2433 2350 cujusmodi

432 2367 708 2419 libertates
735 2367 986 2426 clamant,
1013 2373 1069 2418 et
1094 2365 1289 2435 quibus
1328 2366 1684 2435 temporibUS,
1710 2374 1766 2418 et
1803 2366 2093 2434 quomodO,
2119 2373 2175 2417 et
2207 2365 2432 2433 qualiter

433 2452 512 2505 eis
539 2453 799 2505 hactenus
826 2452 910 2502 usi
935 2452 1172 2504 fuerunt.
1246 2452 1322 2503 Et
1353 2459 1668 2520 preceptum
1705 2451 1811 2502 fuit
1833 2450 2239 2503 vicecomitibus
2284 2449 2430 2518 quod

432 2536 614 2588 venire
653 2537 890 2587 facerent
933 2553 1112 2587 coram
1156 2534 1233 2587 eis
1270 2535 1616 2587 vicecomites
1655 2542 1711 2587 et
1752 2534 1981 2586 ballivos
2020 2533 2331 2585 libertatum
2375 2539 2432 2585 et

432 2640 619 2674 eorum
644 2621 903 2684 bedellos,
939 2621 1051 2672 sive
1094 2620 1232 2672 infra
1274 2620 1578 2672 libertatem
1624 2619 1736 2672 sive
1780 2627 1947 2683 extra,
1973 2618 2068 2688 qui
2109 2624 2430 2687 receperunt

432 2706 914 2759 summonicionem
935 2706 1046 2758 sive
1073 2713 1337 2757 extractas
1360 2705 1618 2757 Scaccarii
1643 2705 1870 2774 predicti
1891 2723 1986 2756 seu
2005 2703 2428 2773 justiciariorum

431 2799 486 2844 et
524 2791 750 2843 aliorum
807 2789 1178 2841 ministrorum
1229 2806 1711 2859 quorumcumque,
1755 2806 1823 2840 ex
1866 2805 2204 2856 quacumque
2248 2805 2427 2850 causa,

429 2895 552 2930 cum
590 2874 845 2944 predictis
878 2874 1398 2926 summonicionibus
1425 2881 1480 2926 et
1517 2873 1785 2934 extractiS,
1815 2880 1927 2923 tam
1952 2871 2224 2924 veteribus
2263 2886 2427 2941 quam

429 2961 603 3026 noviS,
629 2961 696 3012 ad
735 2960 1040 3012 faciendum
1081 2959 1208 3011 inde
1243 2959 1388 3028 quod
1421 2958 1650 3028 predicti
1683 2956 1967 3027 justiciarii
1993 2957 2276 3008 duxissent
2299 2973 2426 3025 pro-

429 3047 741 3098 videndum.

503 3132 645 3182 Item
671 3131 922 3184 dominus
949 3131 1071 3183 Rex
1097 3129 1390 3198 assignavit
1426 3129 1644 3181 eosdem
1677 3126 2006 3198 justiciarios
2045 3127 2113 3178 ad
2149 3125 2423 3196 inquiren-

428 3217 560 3268 dum
587 3235 689 3285 que
715 3225 770 3268 et
794 3224 927 3286 quot
956 3217 1111 3268 feoda
1136 3223 1391 3267 tenentur
1417 3215 1483 3266 de
1509 3232 1573 3266 eo
1602 3214 1659 3265 in
1686 3213 1860 3282 capite
1894 3213 1951 3264 in
1977 3211 2219 3282 quolibet
2255 3208 2424 3262 comi-

429 3305 564 3361 tatu,
589 3306 645 3350 et
668 3299 759 3367 qui
783 3300 939 3351 feoda
961 3300 1053 3351 illa
1077 3306 1389 3362 tenuerunt,
1416 3305 1471 3350 et
1495 3298 1552 3349 in
1580 3295 1947 3367 quibus'villis
1973 3303 2030 3347 et
2051 3294 2207 3346 locis.

501 3382 589 3433 Ad
634 3381 802 3433 dictas
857 3382 1240 3451 inquisiciones
1289 3382 1558 3434 faciendas
1614 3382 1672 3432 in
1722 3381 1982 3432 comitatu
2025 3379 2080 3430 N
2083 3373 2418 3429 orhamtonie

504 3482 691 3518 CAMD.
732 3481 856 3517 SOC·
2079 3477 2117 3511 Ο
