2774 3952
963 433 1321 472 cHRoNJcoN
1352 437 1897 474 PETROBURGENSE.
2346 423 2446 470 133
2483 487 2486 491 Ι

448 571 641 630 magna
691 559 990 630 quantitate
1040 561 1298 631 peccunie
1346 562 1567 616 fuerunt
1616 563 1838 633 obligati
1889 579 2078 616 versus
2129 558 2446 628 magistrum

453 645 755 710 Gifredum,
800 646 1006 698 domini
1058 648 1203 717 Pape
1252 647 1515 700 nuncium
1565 655 1621 701 et
1670 653 2011 700 executorem
2051 643 2257 696 decime
2306 651 2446 695 terre

450 738 650 795 sancte,
675 731 816 784 inter
840 750 976 801 quos
1011 731 1176 784 abbas
1213 739 1268 785 et
1293 739 1594 785 conventus
1634 732 1701 784 de
1746 732 1929 799 Burgo
1971 728 2191 798 obligati
2229 729 2448 780 fuerunt

447 833 545 883 per
567 816 801 868 litteram
828 817 1197 886 obligatoriam
1221 818 1326 870 hoc
1352 818 1515 870 modo
1543 816 1890 869 subnotatam
1911 834 2001 866 z—

522 902 789 954 Noverint
807 902 1043 955 universi
1057 910 1334 972 presentes
1348 902 1552 955 litteras
1571 900 1882 971 inspecturi,
1903 899 2048 969 quod
2063 916 2164 950 nos
2184 898 2445 951 Ricardus

449 986 797 1040 miseracione
822 987 1004 1040 divina
1041 987 1207 1040 abbas
1248 988 1314 1040 de
1342 988 1525 1057 Burgo
1566 987 1741 1040 sancti
1777 986 1924 1039 Petri
1963 993 2018 1037 et
2060 985 2305 1054 ejusdem
2342 985 2447 1037 loci

447 1072 768 1125 Conventus
795 1073 861 1126 de
893 1073 1057 1142 plano
1100 1073 1536 1142 recognoscimus
1576 1080 1632 1126 et
1675 1072 1997 1125 confitemur
2034 1089 2137 1123 nos
2180 1071 2445 1139 recepisse

448 1165 505 1208 et
527 1156 723 1209 habere
747 1156 804 1208 in
831 1157 1096 1226 deposit0,
1121 1156 1342 1210 nomine
1369 1159 1613 1210 Romane
1641 1156 1862 1210 ecclesie
1903 1163 1959 1208 et
2002 1163 2142 1207 terre
2185 1163 2386 1219 sancte,
2414 1174 2444 1207 a

448 1241 738 1294 venerabili
762 1241 877 1294 viro
903 1241 1157 1311 magistro
1187 1242 1411 1295 Gifredo
1450 1243 1516 1295 de
1540 1243 1779 1306 VezanO,
1818 1258 2026 1294 camere
2066 1239 2272 1291 domini
2299 1241 2444 1309 Pape

449 1327 655 1392 cleric0,
694 1327 986 1395 apostolice
1037 1328 1178 1380 sedis
1228 1329 1446 1394 nuncio,
1490 1336 1546 1381 et
1585 1335 1869 1380 executore
1913 1325 2262 1396 negociorum
2304 1333 2443 1378 terre

450 1419 632 1464 sancte
669 1430 831 1481 super
855 1412 1061 1465 decima
1087 1421 1142 1465 et
1166 1414 1282 1466 aliis
1317 1433 1348 1465 a
1374 1414 1516 1466 dicta
1541 1414 1667 1466 sede
1710 1413 1768 1464 in
1793 1411 2045 1481 Angliam
2072 1411 2349 1479 deputato,
2376 1412 2442 1463 de

447 1498 705 1565 peccunia
730 1497 934 1550 decime
958 1498 1130 1567 ipsius
1156 1506 1296 1551 terre
1323 1507 1505 1551 sancte
1530 1516 1783 1551 concesse
1804 1496 2062 1560 subsidi0‚
2093 1513 2197 1565 que
2223 1496 2445 1547 collecta

445 1583 547 1634 fuit
570 1583 628 1634 in
673 1583 862 1651 Regno
902 1583 1115 1652 Anglie‚
1144 1584 1482 1653 Quingentas
1522 1584 1685 1636 libras
1732 1583 2110 1651 sterlingorum
2153 1580 2442 1644 bonorum,

444 1685 709 1719 novorum
754 1675 810 1719 et
850 1668 1119 1737 legalium.
1214 1669 1319 1720 Cui
1363 1669 1611 1738 deposito
1652 1686 1753 1720 nos
1796 1665 2099 1720 voluntarie
2143 1664 2441 1717 obtulimus

445 1769 543 1820 pro
569 1751 769 1803 nostris
795 1759 850 1802 et
886 1752 1199 1803 monasterii
1242 1753 1416 1804 nostri
1454 1752 1799 1815 utilitatibus,
1840 1758 1895 1802 et
1937 1748 2304 1818 promittimus
2347 1766 2443 1817 per

444 1836 643 1889 bonam
668 1837 831 1889 fidem
856 1843 1116 1903 nostram,
1133 1856 1195 1890 ac
1213 1839 1460 1907 juramus
1485 1855 1587 1890 nos
1607 1837 1773 1889 abbas
1794 1844 1849 1888 et
1874 1842 2175 1888 conventus
2196 1834 2441 1903 predicti,

444 1923 752 1991 depositum
789 1922 971 1991 ipsum
997 1923 1156 1992 plene
1181 1931 1237 1975 et
1279 1924 1486 1994 integre
1525 1923 1766 1986 reddere,
1813 1921 2037 1984 solvere,
2078 1919 2360 1971 restituere
2386 1927 2442 1970 et

444 2000 713 2078 assignare
740 2007 884 2060 dicto
910 2007 1166 2077 magistro
1209 2009 1454 2073 Gifredo,
1500 2027 1596 2061 seu
1639 2008 1742 2060 alio
1769 2014 1914 2060 certo
1961 2004 2103 2057 sedis
2147 2003 2440 2073 apostolice

443 2093 661 2157 nuncio,
687 2093 831 2161 apud
857 2092 1079 2145 Novum
1105 2094 1394 2163 Templum
1421 2092 1846 2156 Londoniarum‚
1872 2091 2011 2142 infra
2052 2090 2189 2142 duos
2225 2106 2440 2140 menses

444 2185 735 2248 postquam
759 2197 861 2231 nos
886 2179 974 2231 vel
998 2179 1188 2248 aliquis
1214 2187 1463 2232 nostrum
1490 2198 1520 2230 a
1564 2179 1708 2231 dicto
1734 2176 1990 2246 magistro
2035 2175 2299 2240 Giffredo,
2345 2193 2441 2227 seu

446 2263 549 2315 alio
576 2271 721 2316 certo
746 2263 985 2333 predicte
1012 2265 1154 2316 sedis
1181 2264 1399 2326 nuncio,
1422 2264 1680 2317 fuerimus
1706 2263 1966 2333 requisiti.
2024 2263 2110 2314 De
2137 2280 2241 2331 qua
2264 2262 2441 2331 requi-

447 2348 648 2401 sicione
674 2349 910 2400 creditur
935 2349 1164 2419 simplici
1189 2350 1356 2403 verbo
1384 2350 1513 2402 dicti
1538 2349 1780 2418 magistri
1826 2347 2056 2400 Giffredi
2101 2365 2196 2400 seu
2221 2347 2438 2400 alterius

79 2439 182 2490 (fol.
203 2439 320 2478 cxxii·
348 2437 424 2491 vo.)
447 2433 759 2503 hujusmodi
785 2434 917 2486 certi
941 2435 1143 2500 nuncii,
1163 2436 1306 2488 susci
1323 2436 1569 2503 [pientes
1595 2435 1651 2486 in
1677 2453 1778 2486 nos
1800 2452 1954 2486 casus
1981 2441 2036 2486 et
2055 2433 2292 2502 pericula
2311 2433 2440 2485 furti

75 2534 139 2572 De
158 2535 308 2574 eodem.
449 2527 504 2572 et
527 2518 730 2588 rapine,
753 2519 990 2571 incendii
1030 2528 1084 2572 et
1108 2521 1190 2573 vis
1226 2521 1460 2590 majoriS‚
1487 2529 1543 2573 et
1582 2538 1770 2573 omnes
1806 2520 1938 2571 alios
1965 2536 2120 2570 casus
2165 2524 2221 2569 et
2260 2517 2441 2569 omnia

446 2604 547 2657 alia
570 2604 822 2674 pericula,
849 2605 941 2675 qui
965 2614 1020 2658 et
1045 2625 1147 2676 que
1174 2607 1413 2676 quolibet
1439 2606 1651 2659 evenire
1670 2612 1913 2675 possent.
1988 2605 2065 2655 Et
2090 2602 2438 2672 subjicientes

443 2708 545 2742 nos
565 2690 930 2759 jurisdictioni
956 2691 1085 2743 dicti
1123 2693 1362 2762 magistri
1404 2692 1651 2757 Giffredi,
1699 2698 1755 2743 et
1797 2691 2183 2760 cujuscumque
2224 2689 2440 2740 alterius

442 2775 582 2827 dicte
609 2774 750 2826 sedis
776 2775 978 2839 nuncii,
1003 2783 1066 2827 ut
1090 2794 1186 2845 per
1211 2777 1789 2829 excommunicacionis
1815 2776 1872 2828 in
1898 2793 2157 2844 personas
2185 2782 2241 2826 et
2272 2774 2440 2826 inter-

442 2859 571 2912 dicti
590 2859 651 2910 in
677 2860 956 2912 ecclesiam
980 2868 1223 2912 nostram
1251 2861 1555 2913 sentencias
1599 2861 1713 2913 sine
1760 2860 1935 2929 aliqua
1960 2857 2267 2910 monicione
2293 2876 2440 2910 com-

439 2945 635 3015 pellere
677 2963 778 2997 nos
820 2945 1036 3015 possint
1078 2954 1132 2998 et
1171 2947 1350 3015 possit
1394 2947 1462 2998 ad
1505 2946 1721 3015 plenam
1759 2944 2167 2998 restitucionem
2206 2943 2440 3013 depositi

440 3029 747 3097 supradicti.
823 3031 1213 3083 Renunciando
1241 3031 1390 3083 omni
1409 3029 1519 3099 juri
1558 3029 1816 3082 canonico
1862 3036 1917 3081 et
1960 3027 2120 3092 civili,
2161 3028 2326 3080 tacito
2351 3029 2437 3081 vel

440 3130 713 3180 expresso,
757 3115 1087 3183 competenti
1131 3122 1186 3167 et
1229 3116 1608 3184 competituro‚
1653 3123 1708 3168 et
1751 3114 2005 3167 omnibus
2049 3114 2340 3183 privilegiis
2385 3121 2438 3165 et

440 3195 793 3265 indulgenciis
831 3199 1131 3268 impetratis
1182 3206 1237 3252 et
1279 3199 1651 3270 impetrandiS,
1694 3219 1755 3253 ac
1796 3200 1959 3252 etiam
1998 3199 2155 3268 regiis
2198 3198 2437 3267 prohibi-

441 3280 704 3345 cionibUS,
730 3283 925 3351 quibus
964 3292 1149 3337 contra
1175 3285 1436 3355 premissa
1478 3286 1559 3338 vel
1598 3293 1785 3338 contra
1810 3283 2025 3354 aliquod
2051 3282 2434 3351 premissorum

441 3363 800 3415 contrafacere
825 3365 912 3416 vel
937 3367 1306 3419 contravenire
1325 3385 1637 3436 possemus,
1714 3366 2020 3435 Obligando
2047 3385 2148 3418 nos
2175 3374 2228 3418 et
2254 3368 2434 3420 omnia
