2774 3952
484 416 583 464 132
1008 428 1361 465 cHRonON
1393 428 1934 469 PETROBURGENSE.

552 555 694 608 Item
716 553 847 607 dicit
871 553 1142 623 predictus
1161 554 1435 608 Galfridus
1460 557 1606 625 quod
1631 574 1755 609 cum
1774 556 1960 609 Abbas
1981 556 2048 609 de
2068 556 2250 625 Burgo
2265 554 2478 608 noviter

479 640 641 692 fuerit
665 647 893 703 creatuS‚
919 639 1005 691 die
1030 639 1409 692 installationis
1437 658 1551 704 sue,
1577 641 1792 710 quando
1817 640 1949 692 facit
1970 639 2272 708 ingressum
2298 657 2476 702 suum,

479 725 626 778 idem
652 725 926 778 Galfridus
963 724 1186 778 habebit
1228 726 1529 778 custodiam
1555 726 1794 779 Abbacie
1836 726 1928 777 illo
1955 725 2042 777 die
2065 741 2162 794 per
2201 742 2259 776 se
2284 731 2340 775 et
2381 741 2478 792 per

482 830 627 876 suoS,
651 830 720 864 ne
746 813 1012 864 tumultus
1038 819 1132 863 aut
1155 812 1494 881 perturbacio
1522 813 1697 882 aliqua
1723 812 1952 877 eveniat,
1979 822 2034 864 et
2057 811 2175 880 ipse
2202 809 2477 862 Galfridus

482 898 678 951 serviet
715 897 896 949 abbati
922 898 1111 950 eodem
1138 898 1224 950 die
1251 898 1317 951 de
1341 898 1517 967 primo
1542 899 1763 964 ferculo,
1790 907 1845 951 et
1882 896 2105 950 habebit
2148 895 2328 949 omnia
2351 913 2480 947 vasa

479 1002 637 1036 aurea
661 990 717 1035 et
755 991 1020 1051 argentea,
1062 984 1128 1035 de
1154 983 1350 1052 quibus
1375 984 1520 1036 idem
1546 983 1733 1036 Abbas
1775 984 1834 1035 in
1873 983 2090 1053 propria
2111 999 2345 1052 persona
2371 997 2480 1031 ser-

477 1069 620 1120 vitus
646 1067 807 1119 fuerit
830 1068 924 1120 illo
952 1069 1055 1132 die,
1083 1069 1198 1120 sine
1224 1069 1529 1138 calumpnia
1553 1069 1778 1139 alicujus
1805 1069 2022 1122 alterius
2047 1068 2142 1120 rei.

550 1153 693 1204 Item
740 1151 886 1203 idem
932 1152 1207 1204 Galfridus
1251 1154 1464 1206 racione
1506 1154 1746 1223 predicte
1796 1153 2189 1207 constabularie
2231 1150 2480 1204 vendicat

478 1239 610 1291 duas
634 1237 793 1290 robas
819 1255 915 1307 per
938 1256 1159 1303 annum,
1184 1239 1271 1290 vel
1294 1240 1367 1291 xl.
1394 1240 1595 1292 solidos
1620 1258 1719 1309 pro
1746 1240 1982 1310 qualibet
2006 1240 2154 1292 roba.

553 1323 696 1375 Item
726 1323 874 1376 idem
901 1323 1178 1376 Galfridus
1203 1324 1454 1377 vendicat
1495 1325 1998 1394 perendinacionem
2043 1325 2205 1378 unius
2232 1320 2485 1376 dextrarii

482 1417 539 1462 et
579 1408 742 1460 unius
775 1408 1038 1478 garcionis
1073 1409 1253 1478 ipsum
1298 1410 1653 1463 custodientis
1695 1411 1834 1462 infra
1869 1410 2164 1463 Abbaciam
2190 1409 2257 1463 de
2282 1407 2484 1476 Burgo,

480 1495 548 1547 ad
575 1501 826 1563 sumptus
851 1493 1080 1546 Abbatis
1105 1512 1202 1563 per
1226 1502 1404 1547 totum
1430 1514 1650 1549 annum.

553 1579 695 1630 Item
737 1579 879 1631 idem
910 1579 1185 1631 Galfridus
1211 1580 1461 1632 vendicat
1496 1580 2002 1650 perendinacionem
2040 1581 2098 1632 in
2137 1578 2378 1632 Abbacia
2414 1578 2480 1630 de

480 1665 662 1732 Burgo
704 1681 801 1732 per
840 1664 1105 1716 adventus
1147 1683 1274 1717 suos
1316 1683 1438 1717 cum
1479 1665 1652 1717 tribus
1695 1665 1986 1734 armigeriS‚
2032 1665 2268 1734 quinque
2309 1663 2480 1733 equiS‚

481 1750 718 1819 quinque
742 1749 1082 1818 garcionibus
1109 1758 1164 1801 et
1190 1750 1403 1802 duobus
1428 1750 1707 1819 leporariis
1733 1750 1797 1801 ad
1829 1758 2079 1819 sumptus
2103 1749 2350 1802 Abbatis.

554 1835 729 1887 Breve
771 1834 977 1886 domini
1016 1835 1245 1887 Galfridi
1285 1836 1352 1887 de
1389 1836 1441 1887 la
1466 1835 1622 1887 Mare
1664 1835 2014 1905 impetratum
2051 1853 2150 1904 pro
2194 1833 2482 1887 constabu-

472 1920 622 1983 -laria,
648 1919 924 1989 pertinens
950 1920 1018 1971 ad
1040 1920 1269 1972 liberum
1294 1928 1666 1973 tenementum
1685 1921 1741 1973 in
1764 1921 2074 1991 Makeseye‚
2095 1938 2235 1972 anno
2255 1919 2482 1972 Domini

481 2006 674 2057 M0000
698 2004 1047 2072 nonagesimo
1075 2014 1282 2075 quarto.

552 2091 671 2141 Rex
694 2089 997 2141 vicecomiti
1022 2090 1416 2142 Norhamtonie
1438 2091 1683 2143 salutem.
1747 2091 1969 2160 Precipe
1988 2089 2190 2142 Abbati
2215 2089 2281 2141 de
2299 2090 2482 2158 Burgo

480 2175 652 2227 sancti
693 2175 838 2227 Petri
881 2176 1028 2244 quod
1064 2176 1212 2245 juste
1250 2184 1306 2227 et
1351 2176 1466 2229 sine
1505 2176 1766 2229 dilacione
1806 2176 1997 2228 reddat
2037 2175 2281 2227 Galfrido
2326 2175 2393 2228 de
2431 2176 2484 2227 la

478 2259 635 2311 Mare
673 2257 925 2311 ballivam
971 2258 1364 2311 constabularie
1392 2259 1629 2312 Abbacie
1657 2260 1723 2312 de
1750 2260 1932 2329 Burgo
1961 2259 2133 2312 sancti
2174 2259 2316 2312 Petri
2357 2278 2482 2312 cum

477 2342 843 2412 pertinenciiS‚
864 2343 929 2395 de
956 2363 1060 2412 qua
1086 2344 1318 2396 Brianus
1346 2346 1411 2397 de
1436 2346 1488 2396 la
1515 2345 1689 2410 Mare,
1715 2363 1949 2414 proavus
1977 2343 2206 2415 predicti
2233 2345 2481 2410 Galfridi,

480 2429 634 2496 cujus
659 2428 814 2479 heres
840 2428 955 2496 ipse
981 2436 1081 2493 est,
1106 2429 1210 2481 fuit
1236 2429 1468 2499 seysitus
1493 2430 1550 2480 in
1578 2430 1849 2482 dominico
1877 2448 1976 2482 suo
2000 2437 2065 2481 ut
2101 2431 2167 2482 de
2192 2430 2370 2495 feodO‚
2397 2430 2483 2482 die

481 2531 588 2582 quo
616 2512 767 2576 obiit,
791 2524 855 2563 ut
881 2512 1010 2564 dicit
1028 2534 1044 2578 3
1084 2521 1138 2565 et
1163 2514 1269 2565 nisi
1294 2515 1498 2580 fecerit,
1524 2522 1580 2567 et
1603 2515 1878 2584 predictus
1903 2515 2182 2568 Galfridus
2207 2516 2393 2568 fecerit
2430 2523 2485 2568 te

482 2615 731 2650 securum
757 2597 823 2648 de
849 2598 1040 2649 clamio
1067 2616 1165 2650 suo
1191 2601 1586 2668 prosequendo,
1630 2608 1763 2652 tunc
1789 2609 2129 2653 summonete
2168 2619 2264 2670 per
2305 2600 2480 2653 bonos

482 2682 899 2734 summonitores
948 2682 1250 2751 predictum
1293 2683 1583 2748 Abbatem,
1634 2685 1780 2753 quod
1830 2685 1901 2736 sit
1950 2703 2128 2738 coram
2172 2685 2482 2754 justiciariis

478 2765 680 2820 nostris
718 2767 862 2835 apud
898 2766 1443 2819 Westmonasterium
1484 2787 1514 2819 a
1540 2768 1625 2819 die
1652 2769 1855 2820 Pasche
1891 2769 1950 2819 in
1988 2776 2098 2820 tres
2137 2769 2482 2838 septimanas,

481 2861 797 2906 ostensurus
824 2869 986 2921 quare
1009 2870 1121 2904 non
1161 2852 1362 2904 fecerit.
1439 2853 1514 2904 Et
1555 2853 1754 2906 habeas
1782 2853 2259 2906 summonitionem
2285 2862 2341 2906 et
2378 2855 2483 2907 hoc

480 2938 661 2991 breve.
732 2938 894 2990 Teste
919 2937 1126 3008 meipso
1152 2938 1296 3007 apud
1321 2938 1558 3003 Duville‚
1583 2939 1691 2991 xvi.
1719 2938 1804 2991 die
1831 2938 2124 3003 Februarii,
2163 2957 2305 2991 anno
2331 2941 2480 3009 regni

482 3023 652 3075 nostri
680 3023 835 3075 xxiio.

119 3126 215 3176 (soz,
236 3127 334 3167 cxxi.
352 3127 436 3167 sine
557 3115 579 3176 s
605 3108 879 3178 Obligatio
904 3108 1134 3161 Abbatis
1160 3127 1259 3178 pro
1288 3110 1434 3179 Rege
1460 3110 1517 3162 in
1543 3111 1862 3180 quingentas
1887 3109 2068 3162 libras.

113 3181 349 3233 sompnum.)
559 3195 722 3246 Anno
749 3194 974 3247 Domini
1001 3195 1297 3247 Millesimo
1326 3207 1441 3247 coo.
1469 3196 1796 3265 octogesimo
1824 3203 1994 3247 sexto.

118 3288 220 3340 (fol.
239 3290 356 3330 cxxii.
384 3289 460 3342 νο.)
559 3281 683 3333 Hoc
732 3299 875 3332 anno
924 3287 1052 3349 post
1094 3281 1312 3332 octabas
1355 3281 1576 3345 Pasche,
1619 3281 1677 3333 in
1719 3281 2085 3350 parleamento
2131 3280 2293 3350 Regis
2339 3283 2483 3350 apud

484 3365 1053 3431 Westmonasterium,
1080 3366 1236 3418 multi
1262 3366 1484 3420 abbates
1510 3366 1706 3436 Anglie
1734 3385 1831 3435 pro
1857 3366 1977 3435 ipso
2005 3366 2226 3420 domino
2254 3367 2399 3436 Rege
2425 3367 2482 3419 in
