2774 3952
71 590 172 646 (foc.
192 591 274 634 xvi.
295 591 373 647 vo.)

74 1330 178 1381 (soz.
198 1334 296 1374 mi.
316 1333 397 1388 ro.)

1275 464 1608 501 APPnme.
2155 520 2158 521 ⁷
2345 451 2445 510 173
2469 477 2474 482 ·

465 579 474 636 Ι
496 582 763 624 Sochemanni
783 587 832 626 de
852 587 1060 628 Ailintona
1079 590 1123 629 .i.
1145 590 1283 629 hidam
1302 596 1341 630 et
1362 593 1406 630 .i.
1427 591 1580 642 virgam
1599 595 1639 630 et
1656 591 1835 630 serviunt
1853 602 1947 630 cum
1965 590 2174 629 militibus.

494 651 559 690 De
576 658 681 692 terra
700 655 859 694 Radulfi
894 658 966 697 .iii.
989 659 1109 709 virgoe
1137 659 1181 697 in
1209 660 1514 698 Hamtonascira
1531 672 1624 712 quae
1651 660 1771 699 modo
1794 660 1955 713 sunt-in
1974 659 2151 697 dominio
2170 663 2210 698 et
2228 660 2450 699 serviebant

439 730 513 769 pro
531 722 673 761 milite.

494 786 664 825 Femina
681 788 778 826 Turi
796 802 890 828 cum
906 791 988 829 filio
1006 803 1079 830 suo
1099 792 1142 830 .i.
1159 792 1301 832 *hidam
1319 792 1362 830 in
1382 792 1686 831 Hamtonascira
1704 797 1744 831 et
1761 793 1881 831 servit
1898 805 1992 831 cum
2009 792 2219 831 militibus.

497 855 720 894 Godwinus
739 858 790 896 de
809 858 972 908 Uptona
992 860 1064 898 .iii.
1083 860 1214 910 virgas
1232 865 1272 898 et
1289 861 1409 899 servit
1427 873 1521 898 cum
1538 861 1747 899 militibus.

496 923 763 963 Sochemanni
775 927 826 964 de
841 926 1069 966 Wirintona
1085 928 1128 966 .i.
1144 929 1282 966 hidam
1301 933 1340 967 et
1359 929 1566 966 dimidiam
1580 929 1731 978 virgam
1745 940 1838 966 cum
1856 928 2051 966 militibus
2064 928 2107 965 in
2127 927 2448 968 Hamtonascira.

500 991 767 1031 Sochemanni
786 995 838 1032 de
857 994 1047 1034 Waltona
1067 996 1112 1035 .i.
1132 997 1284 1046 virgam
1303 1000 1344 1034 et
1361 997 1539 1035 serviunt
1557 1009 1650 1035 cum
1668 997 1864 1035 militibus
1881 997 1923 1034 in
1944 997 2260 1036 Hamtonascira.

498 1060 765 1100 Sochemanni
784 1063 835 1101 de
854 1063 1050 1114 Pilaegeta
1068 1077 1158 1102 soca
1179 1065 1251 1103 .iii.
1272 1065 1388 1103 hidas
1405 1066 1448 1102 in
1468 1065 1773 1104 Hamtonascira
1791 1070 1832 1104 et
1849 1066 2026 1103 serviunt
2043 1078 2136 1103 cum
2155 1066 2362 1105 militibus.

498 1128 737 1168 Eustachius
755 1131 805 1170 de
819 1131 1084 1171 Winewincla
1101 1137 1142 1172 et
1161 1133 1431 1172 Brithwoldus
1449 1134 1656 1172 dimidiam
1673 1134 1811 1171 hidam
1824 1134 1867 1171 in
1883 1133 2199 1182 Hamtonascira‚
2218 1138 2258 1171 et
2275 1134 2453 1171 serviunt

443 1207 538 1234 cum
554 1198 764 1238 militibus.

499 1264 702 1304 Leofricus
730 1268 780 1305 de
808 1266 947 1306 Castra
967 1269 1010 1307 .i.
1031 1269 1182 1319 virgam
1201 1274 1241 1308 et
1268 1269 1490 1318 dimidiam,
1512 1273 1552 1307 et
1580 1269 1704 1320 Hugo
1724 1268 1768 1308 .i.
1789 1267 1942 1319 virgam
1971 1273 2010 1306 et
2029 1268 2250 1317 dimidiam,
2271 1273 2311 1307 et
2344 1268 2452 1307 Rod-

443 1334 580 1372 bertus
596 1335 703 1373 filius
721 1336 908 1386 Hugonis
932 1334 938 1390 Ι
966 1338 1039 1377 .iii.
1059 1343 1213 1388 partem
1234 1338 1277 1377 .i.
1299 1339 1436 1388 virgae,
1458 1342 1498 1376 et
1516 1339 1693 1376 serviunt
1712 1350 1805 1376 cum
1824 1337 2032 1376 militibus.

499 1400 766 1441 Sochemanni
795 1405 847 1442 de
872 1404 1207 1456 Hirtlingaburch
1229 1406 1272 1444 .i.
1293 1406 1430 1443 hidam
1460 1409 1500 1443 et
1521 1405 1564 1444 .i.
1586 1405 1737 1455 virgam
1756 1409 1796 1442 et
1818 1404 1860 1442 .i.
1881 1405 2079 1451 bovatam,
2107 1408 2148 1442 et
2165 1405 2342 1442 serviunt
2359 1416 2453 1442 cnm

444 1468 681 1509 militibus.*

501 1536 699 1576 Radulfus
718 1537 974 1578 Mariscalcus
994 1540 1037 1579 .i.
1059 1541 1210 1591 virgam
1229 1546 1269 1580 et
1289 1541 1362 1580 .iii.
1383 1545 1538 1590 partem
1558 1540 1602 1579 .i.
1623 1540 1745 1590 virgae
1765 1540 1807 1577 in
1827 1539 2144 1577 Hamtonascira.

501 1603 705 1643 Walterus
731 1606 838 1644 filius
866 1606 1037 1646 Aluredi
1058 1621 1111 1646 .v.
1131 1608 1247 1646 hidas
1274 1609 1325 1646 de
1350 1608 1468 1646 feodo
1496 1607 1643 1657 Rogeri
1671 1609 1722 1645 de
1750 1607 1934 1655 Luvetot,
1953 1612 1993 1645 et
2011 1607 2062 1644 de
2079 1608 2223 1645 abbate
2239 1607 2282 1646 .i.
2306 1607 2455 1658 virgam

450 1669 564 1708 .c.xl.
585 1682 697 1709 acras
715 1673 758 1709 in
777 1674 938 1723 paragio
956 1674 1000 1711 in
1020 1674 1340 1714 Hamtonascira.

500 1737 680 1787 Rogems
699 1740 749 1777 de
769 1740 940 1779 Luvetot
960 1742 1018 1780 .ii.
1039 1743 1200 1781 milites.

500 1805 620 1844 Eudo
638 1807 805 1857 Dapifer
831 1820 882 1846 en
910 1808 1145 1848 Castretune
1164 1810 1372 1848 dimidiam
1389 1810 1527 1848 hidam
1546 1814 1586 1849 et
1614 1821 1666 1848 en
1688 1809 1897 1860 Writhorp
1920 1810 1963 1849 .i.
1985 1810 2152 1860 virgam,
2174 1815 2213 1848 et
2240 1811 2359 1849 servit
2385 1824 2458 1861 pro

445 1875 489 1914 .i.
510 1876 652 1915 milite.

500 1944 678 1983 Rodbert
696 1945 747 1983 de
766 1945 848 1983 Olli
865 1946 1028 1984 feodum
1049 1947 1092 1985 .i.
1114 1947 1265 1985 militis.

500 2012 555 2050 Et
571 2018 704 2062 preter
720 2014 797 2051 hoc
818 2014 862 2052 .i.
883 2015 1020 2051 hidam
1038 2019 1078 2052 et
1097 2015 1318 2062 dimidiam,
1336 2015 1446 2052 unde
1465 2015 1647 2052 nondum
1664 2015 1794 2052 finivit
1812 2014 1863 2052 de
1881 2013 2059 2052 servicio.

499 2079 726 2118 Willelmus
744 2081 898 2119 Avenel
915 2082 1078 2120 feodum
1097 2083 1255 2120 dimidii
1273 2083 1424 2121 militis.

448 2252 510 2290 De
525 2252 880 2291 Malfe.—Primus
895 2252 1076 2304 Rogerus
1091 2253 1228 2292 Malfe.
1260 2253 1402 2292 Haeres
1416 2252 1564 2303 Rogeri
1578 2252 1702 2290 Malfe
1715 2256 1826 2290 tenet
1839 2252 1882 2289 in
1897 2253 1935 2289 N
1938 2253 2285 2302 orhamtonescire,
2304 2255 2456 2294 scilieet

447 2321 491 2358 in
509 2321 754 2360 Wodeforde
772 2326 812 2360 et
831 2323 1106 2372 Kynesthorpe
1124 2327 1164 2361 et
1180 2322 1444 2372 pertinentiis,
1464 2321 1644 2370 quinque
1662 2321 1777 2358 hidas
1795 2325 1835 2358 et
1862 2326 1941 2358 tres
1959 2321 2129 2370 virgatas
2150 2336 2161 2368 3
2188 2327 2228 2360 et
2246 2323 2342 2360 inde
2360 2323 2455 2361 facit

447 2390 612 2440 plenum
630 2391 835 2428 servitium
863 2391 1035 2428 duorum
1054 2391 1242 2428 militum.
1288 2390 1336 2428 P.
1365 2389 1433 2428 56.
1492 2390 1554 2426 De
1580 2389 1950 2427 Castra—Primus
1979 2389 2202 2427 Thoroldus
2233 2391 2284 2428 de
2303 2391 2455 2430 eastre.

449 2458 678 2497 Willelmus
696 2459 746 2497 de
766 2459 903 2498 castre
921 2464 1030 2498 tenet
1050 2460 1149 2497 duas
1173 2460 1288 2496 hidas
1321 2463 1361 2497 et
1387 2470 1511 2496 unam
1530 2458 1724 2507 virgatam
1743 2462 1783 2494 et
1801 2457 1959 2495 tertiam
1978 2462 2133 2506 partem
2153 2459 2274 2497 unius
2291 2459 2455 2515 virgatae

449 2526 492 2563 in
525 2525 564 2562 N
566 2526 915 2575 orhamptonscire,
962 2526 1113 2564 scilicet
1150 2526 1193 2563 in
1232 2526 1384 2571 Castro,
1424 2530 1464 2562 et
1508 2525 1604 2562 inde
1643 2525 1764 2562 debet
1806 2525 2013 2562 servitium
2056 2526 2228 2563 duorum
2264 2526 2454 2564 militum.

450 2592 650 2631 Ricardus
686 2599 726 2632 et
759 2593 965 2633 Galfridus
996 2598 1263 2632 antecessores
1289 2593 1403 2630 istius
1436 2591 1631 2629 Willelmi
1664 2591 1830 2628 fuerunt
1858 2591 2030 2638 fratres;
2067 2593 2137 2629 sed
2165 2592 2361 2630 Ricardus
2380 2593 2459 2631 fuit

448 2661 749 2711 primogenitus,
780 2667 820 2700 et
839 2663 934 2712 quia
952 2662 1030 2701 fuit
1057 2662 1252 2708 sacerdos,
1285 2662 1341 2699 ita
1374 2660 1562 2699 convenit
1592 2660 1699 2697 inter
1727 2670 1807 2706 eos,
1841 2660 1950 2707 quod
1978 2659 2243 2709 primogenito
2269 2661 2460 2699 remansit

449 2732 614 2770 ecclesia
633 2736 672 2770 et
689 2733 807 2770 tertia
824 2744 917 2782 pars
933 2736 1064 2780 terrae,
1084 2736 1124 2770 et
1141 2732 1197 2770 sic
1218 2732 1392 2769 Persona
1411 2730 1614 2768 servitium
1634 2729 1793 2766 dimidii
1819 2729 1926 2767 feodi
1943 2730 2082 2768 militis
2100 2730 2268 2768 detinet.
2317 2729 2364 2769 P.
2386 2730 2454 2769 63.

450 2799 876 2838 numan—Rieaaedus
894 2801 1050 2838 Dumar
1067 2804 1177 2838 tenet
1195 2799 1358 2837 feodum
1377 2798 1590 2835 dimidium
1607 2797 1746 2835 militis
1763 2797 1807 2834 in
1827 2796 2022 2834 Estone.''

504 2867 529 2889 θ
558 2867 610 2904 In
649 2867 872 2916 Domesday
885 2867 1003 2906 z—P.
1037 2865 1132 2906 231.
1189 2868 1214 2887 “
1231 2865 1569 2904 Ledecestrescire
1601 2877 1654 2903 Ν.
1685 2868 1792 2902 terra
1823 2863 1962 2901 Sancti
1994 2863 2104 2901 Petri
2133 2863 2184 2900 de
2218 2864 2345 2914 Burg.
2403 2863 2455 2902 In

451 2935 600 2974 Estone
619 2935 703 2974 .xii.
724 2935 996 2974 sochemanni.
1054 2936 1147 2973 Duo
1164 2935 1311 2973 milites
1329 2938 1469 2972 tenent
1487 2934 1530 2970 in
1547 2934 1622 2970 hac
1641 2932 1736 2970 villa
1761 2932 1820 2971 .ii.
1842 2934 2048 2969 carucatas
2075 2935 2191 2970 terrae
2222 2933 2274 2970 de
2299 2933 2456 2972 abbate.

450 3004 499 3043 P.
520 3003 616 3043 221.
674 3004 1043 3051 Northantonscire,
1062 3009 1168 3042 terra
1195 3003 1334 3041 Sancti
1354 3002 1463 3039 Petri
1482 3002 1533 3039 de
1554 3001 1679 3050 Burg.
1737 3000 1788 3038 In
1817 3000 2062 3038 Adelintone
2083 3001 2152 3040 .vi.
2184 3001 2456 3041 sochemanni.

451 3071 499 3110 In
522 3071 800 3111 Widerintone
821 3073 920 3112 .xix.
942 3072 1216 3112 sochemanni.
1259 3071 1310 3108 In
1330 3071 1543 3120 Pillesgete
1564 3070 1687 3108 axvi.
1703 3069 1974 3108 sochemanni.
2015 3069 2064 3108 P.
2085 3069 2137 3107 22
2146 3068 2169 3118 (
2171 3070 2236 3121 b).
2267 3070 2318 3107 In
2338 3070 2455 3107 Erdi-

450 3140 580 3178 burne
620 3140 707 3178 .iiii.
746 3141 1019 3180 sochemanni.
1076 3141 1198 3178 Terra
1224 3140 1434 3178 hominum
1472 3139 1652 3189 ejusdem
1689 3138 1893 3177 oecclesiae.
1968 3138 2019 3175 In
2052 3137 2301 3176 Winewiche
2344 3142 2455 3175 tenet

451 3207 690 3246 Eustachius
704 3209 755 3246 de
769 3209 926 3248 Abbate
937 3209 1145 3247 dimidiam
1160 3208 1313 3246 hidam.
1371 3207 1473 3245 Soca
1487 3212 1544 3246 est
1559 3208 1609 3245 de
1626 3206 1799 3245 Undele.
1857 3206 1922 3244 Ibi
1943 3207 2001 3245 .ii.
2016 3205 2272 3244 sochemanni
2287 3216 2379 3242 cum
2393 3204 2454 3242 .ii.

403 3277 408 3282 '
448 3276 604 3313 villanis
621 3275 770 3314 habent
790 3276 848 3314 .ii.
871 3288 1044 3316 carucae.
1101 3276 1239 3314 Valuit
1269 3289 1322 3315 .v.
1353 3276 1512 3314 solidos.
1570 3275 1692 3314 Modo
1713 3287 1771 3313 .x.
1792 3274 1950 3312 solidos.
2007 3273 2058 3310 In
2087 3273 2222 3309 Castre
2239 3276 2378 3310 tenent
2398 3284 2453 3310 .v.

447 3344 592 3382 milites
613 3342 686 3381 .iii.
707 3343 823 3380 hidas
840 3343 891 3380 de
905 3343 1078 3391 Abbius,
1091 3348 1131 3382 et
1149 3344 1206 3381 ibi
1225 3344 1374 3381 habent
1391 3355 1444 3381 .v.
1459 3355 1620 3381 carucas
1639 3342 1681 3380 in
1702 3343 1891 3389 dominio,
1910 3346 1950 3380 et
1970 3342 2042 3379 .ix.
2063 3340 2228 3378 villanos
2242 3347 2281 3378 et
2295 3353 2348 3379 Ν.
2364 3342 2454 3378 bor-

447 3413 576 3451 darios
595 3415 634 3450 et
656 3411 729 3450 .iii.
749 3422 894 3458 servos,
907 3422 1000 3449 cum
1017 3412 1074 3450 .ii.
1091 3412 1245 3450 ‹aaa-ucis
1264 3416 1304 3450 et
1323 3412 1502 3450 dimidia.
1553 3410 1722 3449 Valebat
1745 3424 1800 3449 .x.
1823 3410 1980 3448 solidos.
2030 3408 2153 3446 Modo
2174 3407 2244 3446 .xl.
2266 3406 2456 3445 solidos.''
