2774 3952
106 1233 202 1284 (fol.
224 1244 331 1271 cxxx.
351 1231 433 1281 νο.)

109 1308 334 1345 Willelmus
353 1306 402 1343 de

106 1363 294 1410 Kirkeby.

103 1674 208 1710 Ecce
239 1699 249 1708 .
282 1698 292 1708 .
326 1697 337 1709 .
370 1697 381 1708 .

101 1727 141 1764 J.
163 1725 316 1763 Giffard
337 1725 387 1761 de

99 1778 369 1818 Cotherstoke.

101 2250 342 2298 Homagium
362 2249 410 2286 de

102 2303 354 2341 Woodforde.

103 2851 345 2900 Homagium
365 2851 415 2887 de

102 2905 278 2943 Bernak.

107 3190 270 3230 Valcoce.

478 405 581 452 150
1006 416 1362 452 CHRONIOON
1392 416 1935 452 PETROBURGENSE.

475 541 591 594 sine
628 541 823 594 herede
862 541 927 594 de
967 559 1041 594 se.
1118 542 1250 593 Post
1293 548 1523 592 mortem
1551 541 1667 609 ejus
1707 540 1976 592 hereditas
2003 540 2283 594 descendit
2320 541 2472 594 fratri

476 644 574 678 suo
600 626 637 678 J
641 626 857 678 ohanni.
922 626 1033 678 Iste
1060 625 1097 678 J
1100 625 1340 676 ohannes
1366 624 1494 677 fecit
1517 623 1828 693 homagium
1848 631 1903 676 et
1920 623 2235 677 fidelitatem
2251 625 2471 678 domino

476 710 707 762 Ricardo
753 710 818 762 de
859 709 1160 761 Londoniis
1201 708 1403 761 Abbati
1448 708 1514 760 de
1541 709 1724 777 Burgo
1763 708 1935 761 sancti
1977 709 2123 761 Petri
2162 708 2248 761 die
2275 708 2472 762 Martis

474 802 601 863 post
633 795 1040 847 conversionem
1082 794 1254 847 sancti
1292 793 1462 858 Pauli,
1490 794 1654 846 Anno
1682 793 2011 863 supradictO,
2036 811 2135 862 pro
2161 800 2472 846 tenemento

475 880 620 948 quod
660 880 727 932 de
751 880 871 949 ipso
915 888 1064 932 tenet
1102 880 1158 931 in
1186 879 1449 943 Overton,
1487 878 1544 929 in
1570 879 1847 948 presencia
1873 878 2114 949 magistri
2155 877 2381 930 Roberti
2406 877 2472 929 de

476 965 693 1017 Seufeld
718 972 849 1017 tunc
877 965 1154 1017 senescalli
1181 965 1366 1034 Burgi,
1395 964 1620 1017 Domini
1663 963 1896 1016 Galfridi
1921 966 1988 1017 de
2016 964 2305 1017 Carletona
2354 980 2474 1014 cus-

474 1050 618 1101 todis
659 1049 1036 1114 maneriorum,
1071 1050 1285 1103 Nicolai
1313 1051 1378 1103 de
1411 1050 1610 1103 Sancto
1639 1051 1923 1116 Medardo,
1954 1050 1991 1103 J
1995 1050 2223 1103 ohannis
2263 1049 2473 1113 Blome,

475 1141 531 1186 et
555 1134 780 1186 aliorum
808 1135 1120 1187 multorum.

551 1219 969 1271 Memorandum
1010 1219 1155 1287 quod
1197 1219 1450 1271 dominus
1478 1219 1783 1271 Willelmus
1820 1219 1885 1272 de
1916 1218 2177 1289 Kirkeby,
2219 1219 2381 1270 frater
2420 1225 2476 1270 et

478 1305 631 1356 heres
659 1303 863 1356 domini
888 1304 925 1356 J
929 1304 1158 1356 ohannis
1185 1305 1251 1356 de
1279 1304 1543 1374 Kirkeby,
1571 1305 1806 1357 Eliensis
1832 1305 2091 1374 episcopi,
2115 1304 2245 1357 fecit
2284 1304 2473 1355 homa-

477 1389 626 1459 gium
661 1396 717 1442 et
753 1388 1069 1442 fidelitatem
1110 1388 1330 1441 domino
1371 1390 1601 1442 Ricardo
1643 1390 1710 1442 de
1738 1390 2038 1442 Londoniis
2082 1389 2264 1442 abbati
2309 1388 2475 1458 Burgi

476 1474 642 1527 tercio
669 1473 924 1526 kalendas
966 1474 1187 1543 Aprilis,
1213 1492 1357 1526 anno
1383 1475 1610 1527 Domini
1636 1475 1817 1527 M⁰cc⁰
1840 1475 2191 1544 nonagesimo
2218 1475 2475 1540 secundO,

476 1559 533 1611 in
560 1578 766 1612 camera
787 1559 991 1611 domini
1017 1559 1225 1611 abbatis
1253 1560 1397 1628 apud
1415 1561 1676 1629 Burgum,
1696 1579 1795 1630 pro
1821 1567 2133 1613 tenemento
2153 1562 2299 1629 quod
2325 1568 2475 1613 tenet

415 1695 427 1707 ,
477 1645 534 1697 in
563 1645 923 1697 Cotherstoke
950 1653 1005 1696 et
1031 1645 1305 1709 membriS,
1326 1645 1382 1696 in
1408 1646 1686 1714 presencia
1711 1646 1953 1715 magistri
1979 1645 2206 1697 Roberti
2246 1646 2312 1698 de
2340 1646 2472 1698 Sau-

476 1731 586 1784 feld
612 1730 890 1783 senescalli
919 1729 1103 1799 Burgi,
1130 1730 1404 1782 Willelmi*
1431 1731 1622 1800 Ingne,
1649 1731 1855 1783 domini
1884 1729 2141 1782 Willelmi
2167 1730 2233 1781 de
2270 1730 2474 1784 Wode-

473 1817 611 1879 ford‚
637 1815 813 1867 fratris
842 1815 911 1867 G.
940 1815 1006 1868 de
1035 1815 1313 1867 Croulond
1338 1817 1729 1868 monachorum
1758 1823 1813 1868 et
1837 1815 2065 1867 aliorum
2090 1815 2403 1868 multorum.

545 1901 964 1952 Memorandum
991 1901 1137 1969 quod
1153 1900 1459 1952 Willelmus
1484 1901 1664 1970 Treyli
1693 1902 1757 1953 de
1777 1900 2110 1953 Wodeforde
2134 1899 2262 1952 fecit
2286 1901 2474 1953 homa-

467 1985 613 2056 gium
655 1992 711 2037 et
748 1984 1064 2037 fidelitatem
1105 1984 1325 2037 domino
1366 1978 1596 2038 Ricardo
1632 1986 1698 2037 de
1737 1985 2038 2038 Londoniis
2080 1984 2262 2037 abbati
2288 1986 2474 2056 Burgi,

468 2070 639 2139 pridie
659 2070 848 2121 Nonas
865 2070 994 2137 A(u)
1001 2069 1162 2139 gusti,
1189 2087 1331 2122 anno
1353 2070 1579 2121 Domini
1597 2070 1792 2122 M⁰cc⁰.
1813 2068 2182 2137 Nonagesimo
2205 2068 2474 2137 Secundo,

469 2155 526 2206 in
570 2173 779 2207 camera
823 2155 1030 2206 domini
1080 2154 1291 2207 abbatis
1337 2155 1483 2224 apud
1528 2156 1790 2224 Burgum,
1815 2172 1913 2224 pro
1965 2161 2278 2206 tenemento
2328 2158 2475 2224 quod

470 2249 619 2293 tenet
661 2241 718 2292 in
774 2241 1128 2304 Wodeforde,
1172 2241 1226 2292 in
1279 2240 1559 2309 presencia
1601 2240 1809 2292 domini
1854 2239 1975 2291 Elie
2024 2239 2091 2290 de
2136 2239 2474 2309 Bekingham

470 2326 676 2377 domini
715 2326 877 2394 Regis
898 2325 1201 2394 justiciarii,
1246 2325 1452 2377 domini
1478 2325 1739 2378 Willelmi
1785 2326 1851 2377 de
1877 2324 2210 2378 Wodeforde
2255 2326 2474 2380 sacriste

470 2411 654 2479 Burgi,
681 2411 922 2479 magistri
950 2410 1174 2462 Roberti
1201 2410 1266 2462 de
1295 2410 1514 2462 Saufeld
1542 2418 1598 2463 et
1623 2411 1870 2463 aliorum.

542 2494 961 2545 Memorandum
988 2494 1134 2562 quod
1161 2494 1324 2562 Hugo
1351 2494 1496 2546 filius
1524 2495 1758 2547 Gilberti
1797 2496 1864 2547 de
1891 2495 2109 2548 Bernak
2133 2495 2258 2547 fecit
2284 2496 2474 2548 homa-

470 2579 615 2647 gium
644 2586 698 2630 et
721 2577 1037 2630 fidelitatem
1063 2579 1284 2630 domino
1306 2579 1539 2631 Ricardo
1561 2580 1627 2632 de
1655 2580 1957 2632 Londoniis
1984 2579 2166 2632 abbati
2195 2581 2362 2650 Burgi
2389 2581 2474 2634 die

473 2662 669 2714 Martis
695 2661 942 2731 proximo
986 2669 1114 2730 post
1156 2663 1358 2713 festum
1385 2664 1557 2715 sancti
1582 2664 1775 2716 Jacobi
1810 2665 2041 2733 apostoli
2080 2684 2223 2716 anno
2250 2666 2476 2717 Domini

476 2749 654 2799 M⁰cc⁰
669 2747 724 2798 N
728 2747 1038 2816 onagesimo
1056 2746 1268 2811 TerciO,
1285 2746 1342 2797 in
1364 2765 1572 2799 camera
1592 2748 1799 2799 domini
1818 2749 2029 2800 abbatis
2049 2748 2195 2817 apud
2215 2750 2475 2818 Burgum,

475 2851 572 2902 pro
599 2840 910 2884 tenemento
937 2833 1084 2901 quod
1108 2839 1259 2884 tenet
1277 2831 1334 2883 in
1361 2833 1578 2884 Bernak
1603 2841 1657 2885 et
1686 2833 1951 2896 Cathwat,
1976 2833 2032 2884 in
2058 2834 2337 2902 presencia
2363 2855 2475 2887 ma-

473 2917 625 2986 gistri
667 2915 891 2967 Roberti
936 2916 1002 2968 de
1044 2916 1266 2968 Saufeld
1305 2917 1584 2968 senescalli
1629 2916 1813 2985 Burgi,
1858 2916 2035 2968 fratris
2084 2917 2364 2969 Humfridi
2408 2920 2475 2972 de

476 3001 704 3064 Selford,
745 3007 801 3052 et
844 3000 1021 3052 fratris
1067 3001 1186 3053 Ade
1231 3001 1298 3053 de
1350 3000 1652 3070 Clipstona,
1711 3001 1918 3053 domini
1983 3002 2210 3053 Henrici
2252 3005 2476 3057 rectoris

474 3085 717 3137 Ecclesie
744 3085 810 3136 de
838 3084 1126 3152 Cloptona,
1154 3094 1207 3137 et
1233 3086 1461 3138 aliorum
1489 3087 1802 3139 multorum.

549 3170 969 3222 Memorandum
1014 3171 1159 3239 quod
1209 3171 1294 3223 die
1339 3171 1534 3223 Martis
1585 3172 1832 3240 proximo
1881 3180 2010 3241 post
2060 3172 2476 3227 decollacionem

476 3255 648 3307 sancti
663 3255 701 3308 J
703 3254 930 3307 ohannis
951 3255 1217 3324 Baptiste,
1234 3274 1376 3308 anno
1405 3256 1630 3309 Domini
1659 3258 1853 3310 M⁰cc⁰.
1877 3258 2246 3327 Nonagesimo
2268 3267 2478 3327 quarto,

473 3341 599 3393 fecit
625 3340 932 3394 Willelmus
958 3341 1100 3394 filius
1130 3341 1167 3394 J
1171 3341 1398 3394 ohannis
1427 3342 1628 3396 Fauvel
1673 3342 1738 3396 de
1764 3343 2043 3396 Walecote
2088 3344 2398 3412 homagium
2424 3353 2480 3398 et
