2774 3952
61 907 245 944 Tercium
263 908 396 948 breve,

433 432 499 477 54
963 429 1319 478 cnaomcoN
1349 428 1890 478 PETROBURGENSE‘.

505 569 647 621 Item
683 568 805 638 quia
844 568 1140 621 vicecomes
1186 567 1600 631 Norhamtonie,
1643 585 1755 618 non
1797 564 2140 617 obstantibus
2165 563 2432 617 mandatis

430 655 568 724 regis
620 654 959 724 supradictiS,
1002 654 1129 706 fecit
1167 653 1507 722 distringere,
1557 652 1773 717 milites,
1817 651 2155 703 francolanos
2196 658 2251 702 et
2300 650 2433 701 alios

432 747 679 793 tenentes
720 741 925 792 domini
962 740 1172 792 abbatis
1199 740 1267 791 ad
1291 739 1596 809 predictum
1638 756 1856 790 murum
1896 737 2289 806 reparandum3
2332 736 2434 787 im-

430 834 701 895 petratum
727 834 811 878 est
837 826 1199 896 subscriptum
1226 826 1388 878 breve
1414 843 1511 893 pro
1538 825 1743 877 eisdem
1771 823 1872 875 sub
1897 823 1999 874 hac
2024 822 2213 873 forma.

503 913 622 963 Rex
645 911 950 963 vicecomiti
988 910 1382 964 Norhamtonie
1422 911 1668 962 salutem.
1745 910 2046 961 Ostensum
2073 915 2157 958 est
2180 905 2338 957 nobis
2365 923 2431 957 ex

429 1004 579 1065 parte
606 996 785 1048 dilecti
825 996 984 1048 nobis
1024 997 1082 1048 in
1110 996 1330 1048 Christo
1357 994 1567 1047 abbatis
1594 995 1660 1047 de
1687 995 1870 1064 Burgo
1899 992 2069 1045 sancti
2096 991 2259 1054 Petri,
2286 990 2431 1059 quod

427 1099 551 1133 cum
576 1081 692 1150 ipse
719 1089 774 1133 et
799 1099 988 1133 omnes
1015 1089 1262 1134 tenentes
1291 1082 1374 1133 sui
1401 1082 1466 1133 de
1506 1088 1629 1134 octo
1668 1079 1966 1133 hundredis
1995 1077 2108 1129 suis
2135 1094 2233 1146 per
2260 1083 2431 1128 cartas

425 1165 830 1235 progenitorum
881 1173 1189 1218 nostrorum
1238 1167 1450 1234 Regum
1494 1165 1689 1234 Anglie
1735 1165 1901 1234 quieti
1945 1183 2062 1216 esse
2108 1163 2341 1215 debeant
2377 1170 2433 1215 et

427 1269 639 1319 semper
661 1251 924 1303 hactenus
952 1269 1070 1304 esse
1098 1251 1478 1303 consueverint
1505 1251 1571 1303 de
1598 1252 1942 1320 reparacione
1969 1259 2024 1302 et
2049 1249 2432 1302 emendacione

426 1337 566 1388 muri
607 1337 755 1406 parci
794 1338 968 1390 nostri
1026 1336 1437 1403 Norhamtonie,
1481 1345 1544 1389 tu
1594 1345 1843 1390 tenentes
1892 1337 2064 1407 ipsius
2111 1336 2321 1388 abbatis
2366 1336 2432 1388 de

424 1423 720 1475 hundredis
747 1423 1003 1493 predictis
1036 1425 1151 1493 jam
1178 1424 1243 1476 de
1269 1443 1413 1476 novo
1451 1424 1727 1494 distringis
1765 1424 1834 1476 ad
1871 1424 2177 1493 predictum
2217 1440 2433 1474 murum

424 1509 781 1578 reparandum
824 1509 880 1560 in
926 1509 1151 1578 predicti
1198 1509 1408 1562 abbatis
1454 1510 1813 1580 prejudicium
1858 1518 1914 1563 et
1953 1510 2261 1563 tenencium
2311 1527 2432 1578 pre-

425 1594 693 1647 dictorum
721 1613 832 1647 non
858 1595 1132 1647 modicum
1174 1602 1228 1647 et
1267 1614 1575 1664 gravamen.
1651 1597 1918 1649 Nolentes
1964 1604 2145 1648 autem
2186 1595 2429 1665 predicto

424 1679 607 1732 abbati
624 1680 711 1733 vel
735 1679 1048 1733 tenentibus
1067 1679 1178 1731 suis
1198 1698 1293 1750 pre
1313 1684 1334 1745 l
1351 1680 1508 1732 dictis
1528 1680 1585 1732 in
1606 1681 1706 1733 hac
1721 1688 1874 1750 parte
1890 1681 2126 1750 injuriari
2150 1702 2166 1744 3
2192 1679 2291 1732 tibi
2307 1698 2428 1748 prea

424 1765 651 1834 cipimus
703 1767 848 1836 quod
899 1766 1237 1829 demandam,
1297 1785 1459 1835 quam
1516 1767 1771 1836 predictis
1831 1767 2141 1820 tenentibus
2203 1766 2430 1836 predicti

423 1851 631 1903 abbatis
659 1852 725 1904 de
751 1852 993 1921 predicto
1019 1871 1175 1904 muro
1200 1852 1499 1921 reparando
1525 1853 1656 1905 facis
1683 1871 1748 1905 ex
1775 1860 1926 1922 parte
1950 1859 2147 1916 vestra,
2173 1870 2344 1921 ponas
2370 1851 2427 1902 in

422 1944 728 2004 respectum
767 1955 938 2006 usque
975 1937 1044 1988 ad
1094 1937 1509 2006 parliamentum
1553 1945 1803 1989 nostrum
1846 1945 1974 2006 post
2012 1938 2212 1989 festum
2259 1936 2430 1988 sancti

424 2020 707 2072 Michaelis
758 2020 1006 2089 proximo
1046 2022 1306 2086 futurum,
1358 2029 1413 2077 et
1452 2021 1868 2086 districcionem,
1921 2022 1965 2073 si
2015 2040 2176 2090 quam
2221 2020 2426 2074 eisdem

422 2125 483 2158 ea
539 2106 818 2158 occasione
871 2106 987 2159 fieri
1030 2106 1237 2170 feceriS,
1290 2107 1507 2159 interim
1545 2107 1749 2159 relaxes
1810 2106 2033 2170 eisdem,
2082 2114 2144 2157 ut
2192 2113 2323 2158 tunc
2369 2106 2427 2156 in

421 2192 611 2244 eodem
667 2192 1033 2261 parleamento
1084 2200 1271 2244 nostro
1322 2192 1438 2244 fieri
1488 2192 1745 2244 faciamus
1796 2191 1940 2260 quod
1987 2192 2053 2243 de
2096 2192 2217 2260 jure
2267 2191 2428 2243 fuerit

420 2279 740 2330 faciendum.

491 2363 703 2414 Eodem
724 2371 967 2431 tempore
993 2364 1340 2433 impetratum
1368 2364 1470 2416 fuit
1494 2364 1658 2417 breve
1675 2365 1741 2416 de
1769 2363 1975 2416 decima
1993 2362 2302 2416 venacionis
2322 2363 2426 2415 hoc

421 2449 583 2500 modo
604 2450 1010 2514 2—EdwardUS,
1047 2450 1153 2501 Dei
1197 2451 1367 2519 gratia
1406 2459 1507 2503 etc.
1555 2442 1862 2503 Senescallo
1906 2451 2106 2502 foreste
2148 2469 2243 2502 sue
2286 2450 2427 2501 inter

420 2543 615 2603 pontes
659 2535 874 2586 Oxonie
915 2543 970 2586 et
1012 2535 1318 2587 Stanfordie
1365 2537 1611 2587 salutem.
1689 2536 1833 2589 Quia
1874 2543 2089 2587 constat
2128 2535 2287 2587 nobis
2330 2553 2427 2604 per

422 2621 820 2690 inspeccionem
866 2628 1131 2672 cartarum
1173 2621 1451 2684 Willelmi,
1507 2619 1743 2684 Ricardi,
1779 2620 2049 2672 Johannis
2101 2628 2155 2671 et
2201 2620 2425 2672 Henrici

422 2707 589 2777 patris
640 2696 830 2770 nostri,
875 2707 1149 2775 quondam
1201 2707 1410 2775 Regum
1456 2705 1666 2773 Anglie,
1722 2705 1866 2774 quod
1917 2704 2082 2756 abbas
2134 2705 2198 2756 de
2241 2705 2422 2774 Burgo

424 2792 594 2844 sancti
623 2791 767 2843 Petri
792 2791 883 2860 qui
927 2809 1026 2860 pro
1061 2800 1304 2860 tempore
1337 2791 1499 2842 fuerit
1525 2790 1722 2842 habere
1759 2789 1922 2841 debet
1966 2808 2032 2842 ex
2074 2790 2421 2842 concessione

423 2878 689 2929 dictorum
736 2878 945 2946 Regum
990 2877 1184 2946 Anglie
1229 2876 1492 2929 decimam
1542 2875 1852 2928 venacionis
1903 2883 2058 2945 capte
2107 2875 2163 2926 in
2207 2876 2422 2928 forestis

420 2962 620 3013 nostris
647 2962 783 3012 infra
808 2962 1123 3014 comitatum
1166 2961 1579 3027 Norhamtonie,
1606 2970 1661 3014 et
1695 2962 1857 3014 etiam
1883 2968 2097 3013 constat
2130 2960 2287 3013 nobis
2326 2964 2422 3031 per

419 3047 792 3117 inspexionem
819 3048 1119 3099 rotulorum
1147 3047 1456 3099 cancellarie
1483 3048 1612 3100 dicti
1637 3047 1804 3117 patris
1832 3047 2003 3099 nostri
2030 3047 2173 3115 quod
2199 3046 2420 3098 abbates

420 3135 663 3204 ejusdem
689 3133 793 3185 loci
821 3151 1032 3202 semper
1057 3132 1363 3184 habuerunt
1396 3133 1558 3185 breve
1599 3152 1757 3186 suum
1786 3135 1852 3184 de
1880 3133 2086 3185 decima
2110 3132 2418 3185 venacionis

419 3220 562 3273 illius
601 3217 883 3282 habenda3
939 3218 1097 3270 vobis
1149 3218 1468 3270 mandamus
1515 3220 1661 3288 quod
1712 3219 1885 3270 eidem
1931 3218 2112 3271 abbati
2158 3218 2421 3270 decimam

419 3307 562 3359 illam
599 3305 795 3357 habere
829 3304 1035 3357 faciatis
1076 3305 1133 3355 in
1171 3305 1342 3356 forma
1367 3304 1622 3373 predicta.
1704 3303 1866 3355 Teste
1894 3304 2038 3373 Rege
2066 3304 2209 3374 apud
2235 3304 2419 3355 West·

421 3392 825 3456 monasterium,
853 3391 959 3444 xvi.
987 3391 1072 3443 die
1100 3389 1447 3454 NovembriS,
1475 3408 1616 3441 anno
1644 3408 1695 3441 x.
