2774 3952
411 438 480 485 80
941 449 1296 484 CHRONlcoN
1339 449 1882 484 PETROBURGENSE.

412 577 592 629 bitatis
619 576 812 629 merita
841 576 906 628 de
928 575 1261 645 competenti
1285 575 1550 629 beneficio
1569 594 1692 627 cum
1720 593 1848 627 cura
1872 574 1959 626 vel
1986 574 2101 627 sine
2127 593 2253 627 cura
2278 593 2406 627 con-

409 671 564 715 sueto
581 662 646 714 ab
665 663 793 715 olim
811 661 1014 715 clericis
1036 660 1365 713 secularibus
1382 659 1659 729 assignari,
1677 665 1953 728 spectante
1970 659 2036 709 ad
2057 659 2400 714 collacionem

407 747 493 798 vel
519 746 982 816 presentacionem
1009 745 1325 798 dilectorum
1364 746 1597 797 filiorum
1624 742 1833 795 abbatis
1872 750 1928 794 et
1966 752 2263 795 conventus
2290 763 2407 796 mo-

409 833 627 884 nasterii
663 833 833 885 sancti
861 832 1006 884 Petri
1034 833 1100 884 de
1127 832 1309 901 Burgo
1337 831 1541 883 ordinis
1583 829 1756 882 sancti
1795 828 2080 881 Benedicti
2123 828 2405 882 Lincolnie

410 917 636 969 diocesis
682 918 1011 987 conjunctim
1051 917 1139 969 vel
1184 916 1418 980 divisim,
1463 915 1509 967 si
1549 915 1695 985 quod
1734 914 1791 965 in
1836 913 2052 966 civitate
2077 913 2164 964 vel
2207 913 2408 966 diocesi

407 1010 564 1054 vacat
587 1002 655 1052 ad
680 1020 919 1071 presenS‚
946 1002 1032 1053 vel
1070 1020 1230 1070 quam
1258 1001 1365 1053 cito
1392 1002 1460 1052 ad
1493 1001 1550 1052 id
1588 999 1846 1070 optulerit
1878 1017 1934 1051 se
1971 999 2214 1059 facultaS‚
2253 999 2409 1050 dum-

409 1087 571 1139 modo
597 1088 842 1139 nondum
867 1105 965 1156 pro
986 1086 1090 1138 alio
1108 1087 1480 1155 scripserimus
1503 1105 1664 1155 super
1683 1086 2006 1138 conferendo
2025 1084 2127 1136 sibi
2145 1084 2408 1137 beneficio

408 1171 475 1222 ad
501 1171 718 1223 eosdem
745 1170 998 1222 abbatem
1024 1177 1078 1223 et
1118 1179 1448 1224 conventum
1474 1171 1797 1240 pertinente,
1831 1171 1915 1223 vel
1961 1170 2067 1240 ipsi
2110 1167 2221 1221 non
2249 1187 2410 1239 super

405 1257 622 1309 alterius
648 1257 958 1326 provisione
984 1257 1303 1309 auctoritate
1329 1265 1517 1309 nostra
1552 1258 1775 1327 gravati,
1801 1276 1899 1327 per
1932 1265 1986 1309 te
2012 1258 2099 1309 vel
2123 1275 2220 1326 per
2244 1257 2407 1308 alium

407 1361 503 1395 seu
534 1343 665 1394 alios
692 1342 973 1412 providere
999 1342 1261 1411 procuriS,
1287 1342 1550 1395 inducens
1577 1362 1701 1395 eum
1745 1344 1803 1395 in
1837 1344 2169 1412 corporalem
2194 1360 2409 1411 posses-

409 1429 616 1481 sionem
640 1428 810 1498 ipsius
838 1428 1085 1480 beneficii
1105 1436 1160 1481 et
1186 1430 1481 1481 defendens
1506 1429 1810 1494 inductum,
1831 1448 1891 1482 ac
1910 1429 2110 1481 faciens
2136 1429 2315 1498 ipsum
2341 1428 2409 1480 ad

407 1514 559 1579 illud,
587 1514 632 1566 si
657 1515 711 1566 in
740 1515 962 1568 ecclesia
987 1516 1265 1585 collegiata
1284 1515 1463 1581 fuerit,
1489 1516 1547 1567 in
1573 1516 1892 1568 canonicum
1917 1516 2083 1585 recipi
2125 1523 2181 1568 et
2222 1516 2278 1567 in
2304 1516 2411 1567 fra-

409 1610 566 1665 trem,
606 1609 893 1669 postquam
937 1601 1003 1653 de
1045 1601 1166 1670 ipso
1210 1609 1435 1654 vacante
1481 1601 1583 1653 sibi
1626 1602 1906 1672 provisum
1950 1602 2203 1654 extiterit.
2279 1602 2410 1654 Non

410 1685 660 1738 obstante
686 1686 732 1737 si
757 1687 895 1738 forte
921 1687 1327 1754 predecessores
1359 1687 1532 1739 nostri
1570 1688 1802 1740 Romani
1829 1687 2114 1757 pontifices
2155 1688 2220 1739 de
2246 1687 2411 1739 bene-

408 1771 543 1823 ficiis
569 1772 637 1823 ad
677 1771 945 1823 dictorum
972 1771 1182 1824 abbatis
1209 1780 1265 1824 et
1298 1787 1600 1825 conventus
1627 1773 1977 1825 collacionem
2001 1773 2089 1825 vel
2130 1780 2409 1842 presenta-

408 1858 618 1909 cionem
647 1857 1018 1927 spectantibus
1039 1858 1265 1910 fecerint
1283 1859 1370 1911 vel
1399 1859 1770 1911 mandaverint
1795 1859 1912 1910 aliis
1937 1858 2226 1928 provideri,
2254 1859 2410 1910 dum-

407 1944 570 1996 modo
597 1962 708 1996 non
749 1944 930 2013 plures
976 1963 1137 2013 quam
1179 1945 1287 1996 duo
1314 1963 1381 1997 ex
1423 1945 1547 2010 illis,
1575 1945 1770 2015 quibus
1813 1946 2065 1997 volumus
2092 1945 2409 1997 auctoritate

405 2030 744 2098 presencium
788 2048 1041 2098 generare
1075 2029 1335 2082 beneficia
1374 2031 1587 2083 racione
1619 2031 1933 2100 hujusmodi
1966 2030 2290 2099 provisionis
2318 2050 2411 2083 ex-

405 2123 657 2184 pectent3
702 2116 787 2168 vel
823 2116 869 2167 si
907 2116 1110 2167 eisdem
1155 2115 1337 2167 abbati
1382 2126 1437 2168 et
1474 2117 1767 2169 conventui
1812 2135 1907 2168 seu
1950 2117 2196 2185 personis
2239 2117 2410 2185 ipsius

407 2201 647 2266 ecclesie,
689 2201 744 2253 in
773 2219 876 2271 qua
921 2202 1023 2254 sibi
1067 2202 1321 2254 duximus
1348 2200 1766 2271 providendum,
1808 2222 1838 2254 a
1866 2203 1992 2254 sede
2018 2203 2314 2272 apostolica
2340 2204 2411 2255 sit

406 2288 679 2339 indultum
707 2289 853 2358 quod
893 2289 961 2340 ad
999 2288 1371 2358 recepcionem
1409 2290 1495 2341 vel
1539 2290 1909 2359 provisionem
1936 2290 2161 2359 alicujus
2187 2290 2410 2343 minime

406 2382 707 2438 teneantur,
734 2373 985 2443 quodque
1011 2375 1079 2425 ad
1117 2374 1172 2424 id
1199 2374 1468 2443 compelli,
1495 2383 1590 2426 aut
1627 2375 1773 2444 quod
1799 2375 2047 2427 interdici
2075 2394 2167 2428 seu
2196 2394 2411 2428 excom-

407 2457 666 2509 municari
712 2458 827 2508 >non
877 2457 1109 2525 possint,
1158 2458 1246 2508 vel
1286 2459 1430 2526 quod
1471 2459 1600 2510 alias
1640 2468 1873 2528 nequeat
1917 2460 1983 2511 de
2023 2459 2311 2530 prebendis
2356 2468 2412 2511 et

406 2542 680 2594 beneficiis
707 2542 772 2592 ad
798 2542 1039 2610 ipsorum
1066 2542 1276 2594 abbatis
1303 2552 1359 2594 et
1383 2552 1684 2595 conventus
1711 2545 2059 2597 collacionem
2085 2545 2173 2598 vel
2191 2564 2410 2614 presen-

407 2628 682 2697 tacionem*
700 2626 1070 2695 spectantibus
1095 2627 1362 2695 aliquibus
1389 2629 1672 2696 providere
1699 2648 1794 2698 per
1837 2630 2042 2681 litteras
2069 2631 2407 2699 apostolicas,

407 2732 519 2766 non
558 2713 812 2764 facientes
857 2712 1073 2781 plenam
1115 2719 1170 2763 et
1214 2730 1525 2780 expressam
1554 2713 1619 2763 de
1645 2713 1858 2764 indulto
1902 2713 2216 2782 hujusmodi
2259 2732 2411 2765 men-

41 2815 148 2868 (fol.
170 2817 220 2856 ci.
239 2814 317 2870 vo.)
410 2800 637 2862 cionem,
665 2816 758 2850 seu
785 2797 1024 2867 qualibet
1050 2802 1072 2863 l
1097 2797 1199 2850 alia
1237 2798 1442 2866 prefate
1485 2797 1628 2849 sedis
1653 2798 1994 2866 indulgencia
2020 2798 2408 2867 cujuscumque

43 2895 105 2933 De
125 2896 274 2934 eodem.
409 2884 612 2937 tenoris
639 2884 852 2947 existat,
878 2902 975 2952 per
1015 2902 1177 2953 quam
1205 2884 1430 2935 effectus
1457 2883 1799 2952 presencium
1826 2883 2077 2952 impediri
2102 2884 2280 2936 valeat
2321 2884 2409 2935 vel

411 2969 627 3034 differri,
678 2977 732 3021 et
775 2970 842 3021 de
882 2988 986 3038 qua
1028 2969 1086 3020 in
1129 2968 1331 3020 nostris
1375 2969 1569 3020 litteris
1615 2967 1952 3020 mencionem
1996 2968 2113 3020 fieri
2162 2976 2410 3038 oporteat

410 3055 709 3124 specialem,
762 3054 1182 3106 contradictores
1231 3073 1328 3123 per
1389 3072 1670 3106 censuram
1721 3053 2133 3106 ecclesiasticam
2192 3072 2410 3123 compe-

410 3141 626 3194 scendo.
703 3140 790 3192 Ita
838 3148 1018 3192 tamen
1065 3140 1210 3209 quod
1249 3140 1393 3192 idem
1437 3139 1676 3204 clericus,
1719 3140 1859 3191 sicut
1883 3140 2104 3209 requirit
2138 3158 2275 3192 onus
2315 3140 2411 3193 be-

408 3227 586 3279 neficii
625 3227 692 3279 de
727 3245 832 3295 quo
869 3225 974 3277 sibi
1014 3225 1294 3294 provisum
1334 3226 1515 3290 fuerit,
1560 3226 1628 3276 ad
1672 3225 1887 3277 ordines
1938 3226 2154 3277 statutis
2198 3235 2411 3296 tempo-

407 3313 556 3369 ribus
584 3331 640 3365 se
672 3311 834 3364 faciat
859 3310 1180 3380 promoveri,
1207 3317 1261 3362 et
1285 3310 1640 3380 personaliter
1664 3310 1897 3363 resideat
1921 3311 1977 3362 in
2006 3312 2197 3363 eodem
2218 3332 2232 3375 3
2277 3312 2408 3364 alio-

410 3399 557 3469 quin,
585 3398 630 3451 si
673 3398 790 3469 ipse
833 3405 896 3450 ut
929 3396 1222 3467 predicitur
1268 3415 1324 3449 se
1350 3397 1657 3467 promoveri
1697 3415 1808 3450 non
1851 3397 2055 3462 fecerit,
2098 3397 2411 3467 hujusmodi
