2774 3952
68 2786 325 2825 staunforda.

75 3371 329 3409 saunford&

428 426 500 473 44
956 434 1309 470 CHRONICON
1341 433 1883 469 PETROBURGENSE.

430 561 715 615 antedictis
751 560 818 612 ad
866 559 1306 629 respondendum
1355 556 1578 609 domino
1621 556 1752 625 regi,
1792 573 1901 624 quo
1940 563 2179 608 warento
2231 555 2428 608 clamat

430 648 626 701 habere
669 648 863 710 furcaS,
902 645 1142 698 wrekum
1182 644 1362 708 mariS,
1402 650 1683 695 returnum
1719 640 1966 694 brevium
2016 641 2223 693 domini
2270 640 2429 710 regiS,

430 733 625 803 placita
660 732 726 784 de
751 731 932 783 namio
955 730 1145 795 vetit0,
1171 737 1227 782 et
1259 728 1513 781 emendas
1540 726 1707 779 assise
1733 725 1889 796 panis
1914 733 1971 778 et
1995 725 2219 778 cervisie
2243 726 2429 789 fracte,

430 819 488 871 in
537 817 691 870 terris
743 816 854 869 suis
904 816 970 868 de
1023 814 1470 879 Goseberchirke,
1516 811 1985 882 Quadhaveringe,
2034 812 2151 864 sine
2206 810 2431 864 licencia

435 912 538 957 etc.
563 921 660 972 per
683 921 853 954 unum
878 901 1059 954 breve.

507 989 583 1040 Et
609 1006 715 1057 quo
740 995 976 1039 warento
1002 987 1197 1040 clamat
1233 985 1429 1038 habere
1465 992 1747 1037 returnum
1772 983 2018 1037 brevium
2045 980 2251 1035 domini
2275 980 2433 1050 regist,

431 1073 653 1125 liberam
677 1089 1001 1136 warennam,
1027 1080 1082 1124 et
1101 1071 1357 1124 emendas
1383 1069 1552 1123 assise
1577 1069 1732 1139 panis
1759 1077 1815 1122 et
1839 1068 2061 1122 cervisie
2086 1069 2271 1132 fracte,
2287 1066 2432 1136 apud

435 1159 810 1211 Fiskertonam
839 1157 954 1210 sine
978 1156 1202 1209 licencia
1226 1164 1329 1209 etc.
1354 1173 1452 1225 per
1477 1155 1587 1208 duo
1613 1154 1813 1208 brevia.
2172 1169 2175 1173 ·

505 1245 581 1295 Et
620 1261 781 1312 quare
817 1261 929 1294 non
971 1242 1241 1312 permittit
1263 1241 1493 1294 villanos
1533 1259 1660 1293 suos
1692 1241 1759 1293 de
1788 1239 2207 1305 Gosberchirke,
2248 1238 2434 1293 Quad-

431 1328 736 1397 haveringe,
777 1336 831 1380 et
879 1327 1238 1397 Duningtona
1263 1328 1439 1379 facere
1486 1333 1689 1378 sectam
1727 1326 1795 1377 ad
1820 1333 2182 1395 wapentacam
2228 1323 2435 1377 domini

432 1415 571 1485 regis
591 1414 657 1467 de
685 1413 998 1465 Kerketona
1023 1432 1182 1482 quam
1209 1413 1277 1465 ad
1302 1411 1436 1464 illud
1468 1412 1641 1464 facere
1675 1410 1877 1464 debent
1918 1419 2022 1464 etc.
2047 1429 2146 1482 per
2184 1418 2433 1481 quartum

434 1501 613 1552 breve.

507 1586 581 1637 Et
622 1602 728 1654 quo
773 1592 1011 1637 warento
1055 1584 1250 1637 clamat
1288 1583 1486 1636 habere
1528 1583 1753 1636 liberam
1786 1601 2111 1647 warennam,
2137 1581 2333 1651 placita
2366 1581 2434 1634 de

434 1668 614 1720 namio
640 1667 825 1732 vetito,
851 1675 1128 1720 returnum
1146 1667 1391 1721 brevium
1413 1668 1619 1720 domini
1638 1668 1794 1738 regiS,
1811 1668 2066 1721 emendas
2092 1667 2259 1719 assise
2277 1666 2434 1735 panis

435 1761 491 1805 et
527 1752 749 1804 cervisie
774 1753 959 1816 fracte,
985 1760 1041 1804 et
1063 1754 1259 1818 furcaS,
1283 1753 1341 1805 in
1375 1753 1532 1806 terris
1565 1754 1677 1806 suis
1716 1754 1783 1806 de
1823 1753 2044 1806 Scotere
2071 1752 2186 1805 sine
2211 1751 2435 1804 licencia

435 1845 537 1889 etc.
562 1854 659 1906 per
684 1836 935 1905 quintum
960 1836 1141 1890 breve.

506 1921 583 1972 Et
626 1938 732 1990 quo
771 1927 1008 1973 warento
1048 1921 1244 1973 clamat
1280 1921 1480 1974 habere
1523 1921 1577 1974 in
1624 1921 1865 1976 manerio
1893 1939 1992 1974 suo
2018 1921 2086 1974 de
2113 1921 2436 1973 Fiskertona

433 2006 625 2070 furcaS,
651 2005 829 2056 visum
854 2006 1022 2058 franci
1046 2006 1225 2075 plegii,
1252 2014 1308 2058 et
1332 2007 1489 2078 ways.

505 2091 580 2142 Et
604 2109 711 2160 quo
736 2097 973 2143 warento
1011 2091 1206 2143 clamat
1230 2091 1427 2145 habere
1460 2092 1518 2145 in
1543 2093 1785 2146 manerio
1811 2111 1910 2146 suo
1936 2093 2004 2145 de
2031 2093 2252 2145 Scotere
2277 2092 2435 2163 weyf,

431 2184 727 2229 mercatum
755 2183 809 2228 et
835 2176 1039 2238 feriam,
1057 2194 1245 2246 capere
1271 2178 1640 2244 standardum,
1659 2179 1839 2231 visum
1864 2178 2034 2231 franci
2059 2178 2240 2248 plegii,
2275 2186 2332 2230 et
2372 2195 2437 2230 ea

432 2279 533 2330 que
560 2261 627 2313 ad
654 2269 950 2314 mercatum
976 2269 1033 2314 et
1056 2261 1242 2314 feriam
1270 2263 1563 2332 pertinent.

503 2347 580 2398 Et
605 2347 799 2399 clamat
822 2346 879 2397 in
906 2347 1145 2399 manerio
1173 2365 1272 2400 suo
1301 2348 1368 2400 de
1396 2348 1830 2402 Goseberchirke
1856 2367 1981 2402 cum
2019 2348 2275 2401 membris
2307 2348 2436 2413 suis,

432 2431 699 2497 videlicet,
751 2431 1199 2501 Quadhaveringe
1262 2440 1317 2485 et
1367 2433 1744 2503 Duningtona,
1793 2435 1988 2498 furcaS,
2031 2433 2210 2487 visum
2267 2432 2437 2486 franci

434 2516 616 2584 plegii,
643 2523 699 2568 et
722 2517 878 2586 weyf.

508 2601 585 2652 Et
624 2619 730 2669 quo
774 2608 1010 2653 warento
1051 2600 1246 2653 clamat
1287 2601 1485 2654 habere
1521 2603 1698 2655 furcas
1741 2603 1800 2655 in
1841 2603 2081 2672 Turleby
2118 2611 2174 2655 et
2212 2603 2436 2656 liberam

437 2692 741 2737 warennam
765 2685 822 2737 in
849 2684 1102 2737 omnibus
1129 2685 1413 2739 dominicis
1439 2689 1597 2740 terris
1625 2689 1736 2740 suis
1763 2688 1820 2740 in
1846 2688 2145 2740 Walecote.

511 2771 587 2823 Et
647 2789 753 2840 quo
806 2779 1045 2824 warento
1095 2772 1289 2824 clamat
1329 2772 1528 2826 habere
1580 2773 1638 2824 in
1681 2772 1968 2825 Stanforda
2014 2771 2156 2823 ultra
2210 2779 2435 2841 pontem

438 2873 626 2907 versus
669 2857 987 2908 comitatum
1023 2856 1418 2910 Norhamtonie
1458 2858 1654 2923 furcas,
1680 2856 1936 2910 emendas
1979 2855 2146 2908 assise
2182 2856 2338 2925 panis
2381 2864 2438 2908 et

438 2940 659 2993 cervisie
698 2941 882 3005 fracte,
920 2941 1078 3011 weyf,
1113 2949 1395 2994 returnum
1437 2941 1682 2995 brevium
1724 2940 1930 2995 domini
1966 2939 2124 3010 regis»,
2149 2940 2345 3010 placita
2369 2941 2437 2993 de

439 3025 618 3077 namio
643 3025 831 3089 vetito,
870 3033 1133 3077 extractas
1169 3025 1416 3079 brevium
1457 3027 1663 3080 domini
1701 3026 1858 3097 regiS,
1892 3034 1949 3079 et
1987 3025 2259 3094 quoddam
2298 3027 2438 3079 tolo-

441 3128 603 3162 neum
630 3110 775 3180 quod
798 3117 1022 3162 vocatur
1044 3111 1293 3163 Thurtol.

515 3194 591 3245 Et
623 3211 729 3262 quo
764 3202 1000 3246 warento
1043 3194 1237 3246 clamat
1276 3195 1473 3248 habere
1516 3196 1661 3266 apud
1689 3195 1928 3248 Graham
1973 3195 2226 3247 emendas
2268 3196 2437 3250 assise

443 3278 599 3348 panis
638 3285 694 3331 et
727 3278 947 3330 cervisie
973 3278 1157 3344 fracte,
1183 3279 1361 3332 visum
1396 3280 1562 3333 franci
1587 3280 1848 3350 plegii,-et
1874 3298 2062 3350 capere
2088 3281 2437 3335 standardum

446 3364 513 3415 de
540 3363 849 3416 marescallo
876 3363 1081 3416 domini
1107 3364 1243 3434 regis
1269 3365 1488 3431 ibidem,
1514 3373 1569 3418 et
1595 3366 1839 3418 similiter
1863 3366 2006 3435 apud
2034 3366 2396 3421 Stanfordamr
