2774 3952
390 425 458 472 84
921 427 1275 464 CHRONICON
1307 426 1853 462 PETROBURGENSE.

391 568 637 614 nostrum
678 556 1014 627 puplicantes
1060 554 1160 606 sub
1204 553 1350 605 bono
1391 551 1704 604 testimonio
1746 550 2036 603 inhibeatis
2080 550 2300 614 eisdem,
2327 567 2395 600 ne

393 653 579 700 contra
615 641 928 713 hujusmodi
971 641 1173 692 factum
1216 644 1465 690 nostrum
1509 635 1710 704 aliquid
1748 652 1845 704 per
1889 652 1946 686 se
1988 634 2074 686 vel
2112 652 2208 704 per
2233 634 2396 685 alium

394 737 722 800 attemptent
745 729 832 781 vel
857 725 1165 795 attemptari
1189 724 1387 775 faciant
1406 739 1622 791 quoquo
1651 720 1813 772 modo
1839 719 1897 771 in
1923 718 2221 771 elusionem
2246 737 2398 771 man-

396 817 509 870 dati
551 813 833 886 apostolici
878 831 972 865 seu
1015 810 1372 882 prejudicium
1415 807 1800 861 reservacionis
1843 813 2030 859 nostre
2074 805 2162 858 vel
2201 805 2402 857 decreti

396 902 707 972 supradicti,
751 898 1138 952 denunciantes
1178 894 1560 948 nichilominus
1601 912 1668 945 ex
1711 893 1880 962 gratia
1918 890 2130 961 speciali
2158 891 2402 960 predicto

396 988 617 1039 domino
661 984 843 1037 abbati
883 990 939 1035 et
981 980 1271 1035 conventui
1316 999 1415 1033 suo
1454 997 1552 1050 per
1595 979 1847 1042 eundem,
1874 978 2020 1047 quod
2057 982 2404 1045 compareant

396 1090 574 1125 coram
600 1068 759 1121 nobis
785 1067 945 1120 tertio
987 1068 1072 1119 die
1092 1066 1325 1137 juridico
1352 1073 1481 1135 post
1518 1066 1719 1118 festum
1747 1064 2012 1117 Omnium
2059 1061 2404 1123 Sanctorum,

395 1155 721 1222 ubicumque
761 1159 893 1203 tunc
932 1151 1193 1203 fuerimus
1237 1150 1294 1202 in
1337 1158 1525 1202 nostra
1569 1150 1788 1214 diocesi,
1829 1149 1874 1201 si
1919 1149 2046 1219 quid
2086 1146 2406 1203 canonicum

397 1238 688 1292 habuerint
732 1253 894 1306 quare
927 1236 995 1287 ad
1020 1234 1385 1304 provisionem
1409 1234 1496 1286 vel
1522 1234 1868 1287 collacionem
1898 1234 2259 1304 supradictam
2285 1249 2410 1301 pro-

400 1325 587 1378 cedere
626 1340 739 1375 non
780 1320 1072 1373 debeamus
1112 1317 1446 1388 proposituri
1470 1326 1526 1371 et
1563 1319 1788 1371 ulterius
1829 1320 2023 1372 facturi
2048 1327 2103 1372 et
2144 1315 2411 1387 recepturi

401 1410 546 1480 quod
584 1407 785 1460 racioni
828 1403 1083 1459 convenit
1125 1410 1181 1455 et
1224 1403 1465 1473 equitati.
1544 1403 1618 1457 Et
1662 1405 1791 1474 quid
1836 1424 1999 1476 super
2022 1405 2126 1457 hiis
2154 1403 2410 1456 omnibus

399 1492 650 1557 feceritiS,
691 1491 848 1543 nobis
875 1507 972 1559 per
995 1490 1203 1541 litteras
1229 1498 1436 1543 vestras
1475 1499 1725 1561 patentes
1766 1494 1957 1544 harum
2000 1492 2192 1544 seriem
2238 1489 2410 1543 conti—

399 1586 590 1632 nentes
618 1575 927 1646 significetis
953 1594 1052 1645 pro
1078 1583 1322 1644 tempore
1349 1584 1637 1646 oportuno.
1713 1579 1921 1630 Datum
1942 1564 2261 1641 Londoniis,
2290 1595 2411 1645 sep-

400 1664 535 1717 timo
559 1662 684 1714 idus
710 1660 984 1724 OctobriS,
1011 1678 1152 1712 anno
1180 1661 1406 1713 Domini
1423 1661 1753 1714 M⁰cc⁰lxxx⁰
1767 1663 1961 1732 prim0,
1982 1670 2037 1715 et
2061 1661 2411 1732 pontificatus

401 1748 576 1802 nostri
601 1765 743 1799 anno
773 1746 1030 1798 secundo.

476 1834 690 1888 Deinde
716 1833 856 1885 facta
893 1832 997 1884 fuit
1022 1832 1339 1885 certificacio
1377 1833 1616 1902 predicte
1641 1833 1987 1887 inhibicionis
2015 1846 2070 1888 et
2095 1835 2290 1887 citatus
2309 1832 2414 1885 fuit

405 1922 657 1975 dominus
677 1919 843 1972 abbas
859 1937 955 1988 per
971 1919 1206 1971 litteram
1226 1919 1540 1988 predictam,
1558 1921 1703 1990 quod
1719 1929 2053 1991 compareret
2069 1940 2247 1974 coram
2269 1921 2414 1972 dicto

405 2007 628 2060 domino
655 2006 911 2075 episcopo
929 2005 996 2057 ad
1012 2006 1426 2074 proponendum
1450 2025 1627 2058 coram
1652 2025 1735 2072 ec,
1763 2008 1952 2077 siquid
1972 2027 2071 2078 pro
2099 2027 2156 2061 se
2192 2007 2416 2060 haberet

407 2110 570 2163 quare
596 2092 664 2143 ad
697 2090 1066 2161 provisionem
1093 2098 1446 2143 memoratam
1471 2093 1762 2161 procedere
1787 2112 1899 2145 non
1926 2093 2162 2146 deberet.
2236 2094 2418 2145 Tenor

409 2174 814 2230 certificacionis
840 2173 963 2226 talis
991 2182 1075 2226 est
1096 2195 1184 2226 :—

481 2261 801 2314 Reverendo
826 2260 883 2312 in
912 2259 1132 2312 Christo
1158 2259 1299 2329 patri
1316 2260 1539 2313 domino
1567 2261 1788 2314 Olivero
1810 2261 1916 2314 Dei
1941 2262 2110 2331 gratia
2135 2261 2417 2316 Lincolnie

410 2347 665 2416 episcopo
709 2363 839 2396 suus
881 2344 1102 2396 humilis
1143 2353 1199 2396 et
1239 2345 1469 2397 devotus
1496 2345 1756 2398 Nicolaus
1801 2346 2024 2399 clericus
2060 2347 2420 2400 archidiaconi

411 2430 807 2485 Norhamtonie
834 2429 1221 2494 obedienciam,
1237 2430 1598 2483 reverenciam
1616 2431 1816 2500 pariter
1840 2439 1895 2484 et
1914 2432 2191 2484 honorem.
2256 2432 2419 2484 Man-

414 2517 603 2568 datum
629 2522 873 2566 vestrum
897 2514 954 2565 in
979 2516 1081 2567 hec
1114 2515 1279 2568 verba
1302 2517 1481 2585 recepi
1502 2536 1514 2567 τ
1557 2517 1810 2569 Oliverus
1837 2517 2195 2587 permissione
2222 2518 2420 2582 divina,

415 2610 471 2654 et
495 2609 670 2653 cetera
695 2601 877 2652 omnia
901 2608 964 2652 ut
990 2619 1152 2669 supra
1186 2609 1463 2654 notantur.
1538 2603 1767 2655 Noverit
1791 2604 1970 2672 igitur,
1996 2605 2288 2656 reverenda
2325 2624 2420 2673 pa-

415 2686 639 2739 ternitas
666 2693 863 2748 vestra,
890 2686 1035 2754 quod
1062 2686 1148 2738 die
1175 2687 1346 2738 sancti
1371 2687 1624 2751 Dionisii,
1653 2688 1854 2739 scilicet
1878 2688 1969 2740 vii.
1995 2689 2116 2740 idus
2145 2688 2420 2753 OctobriS,

419 2790 559 2824 anno
585 2771 811 2823 Domini
836 2771 1162 2840 supradicto,
1189 2772 1256 2823 ad
1282 2772 1568 2824 concilium
1596 2790 1691 2841 per
1728 2772 2006 2824 dominum
2049 2773 2336 2826 Cantuarie
2363 2783 2419 2826 et

421 2857 594 2910 socios
636 2858 998 2926 suffraganeos
1042 2865 1175 2910 tunc
1223 2857 1424 2910 ibidem
1475 2857 1821 2923 celebratum,
1865 2859 2131 2928 predictas
2184 2878 2421 2913 reserva-

421 2944 650 3008 cionem,
700 2943 974 2995 decretum
1031 2952 1087 2996 et
1136 2943 1522 2996 inhibicionem
1580 2944 1815 3014 plenarie
1866 2954 1921 2996 et
1971 2945 2223 2997 distincte
2274 2946 2420 2998 dicto

422 3029 642 3083 domino
669 3029 852 3082 abbati
876 3030 1277 3099 presencialiter
1320 3030 1547 3100 exposui
1591 3038 1648 3083 et
1689 3031 1957 3100 puplicavi
1977 3051 1993 3095 3
2039 3039 2214 3084 cetera
2240 3033 2422 3085 omnia

418 3114 473 3166 in
503 3115 647 3168 dicto
664 3116 919 3167 mandato
940 3123 1121 3168 vestro
1139 3123 1395 3168 contenta
1418 3115 1648 3167 fideliter
1668 3116 1983 3184 exequendo
2023 3115 2124 3167 sub
2144 3118 2421 3185 presencia

422 3200 772 3252 discretorum
799 3200 1037 3254 virorum
1081 3201 1458 3270 magistrorum
1501 3201 1539 3253 J
1543 3201 1769 3253 ohannis
1798 3201 1864 3252 de
1908 3202 2056 3271 Lacy
2096 3211 2150 3254 et
2195 3203 2421 3257 Roberti

423 3286 541 3355 ejus
584 3287 841 3356 germani,
868 3306 928 3340 ac
975 3287 1250 3356 Radulphi
1291 3288 1358 3339 de
1394 3287 1446 3339 la
1491 3288 1702 3357 Ryvere
1746 3287 2056 3339 clericorum
2099 3296 2155 3340 et
2194 3289 2418 3342 aliorum

423 3371 584 3424 etiam
610 3373 923 3426 testimonio
948 3373 1176 3427 fideliter
1203 3392 1324 3426 sum
1350 3380 1625 3427 executuS.
1672 3373 1738 3425 In
1765 3373 1919 3443 cujus
1947 3373 2022 3427 rei
2049 3375 2421 3431 testimonium
