2774 3952
957 395 1310 433 cnRonON
1340 395 1881 432 PETROBURGENSE.
2358 380 2419 426 11

421 519 838 588 presentatione,
866 521 989 591 quia
1015 523 1260 576 dixerant
1285 541 1462 576 coram
1498 518 1808 591 justiciariis
1834 518 1979 588 apud
2006 516 2423 569 Huntindonam
2516 524 2520 528 ”

421 602 671 656 abbatem
692 606 759 658 de
777 606 1007 659 Torneia
1032 608 1237 660 levasse
1263 614 1559 660 mercatum
1584 623 1683 675 per
1700 605 1842 657 diem
1867 605 1994 655 lune
2021 601 2164 671 apud
2185 602 2222 654 J
2225 601 2423 665 ackele,

420 695 477 740 et
523 690 841 743 tholoneum
890 693 1173 762 recepisse,
1224 699 1280 744 et
1325 692 1594 761 juratores
1645 687 2115 750 contradixerant3
2182 694 2237 738 et
2299 686 2424 754 quia

419 772 660 826 Barones
687 775 753 827 de
781 775 1054 829 Scaccario
1079 775 1404 828 invenerunt
1426 775 1484 826 in
1524 774 1703 826 rotulo
1734 772 1808 824 iii.
1848 771 1973 823 anni
2011 771 2150 840 regis
2189 770 2422 834 Ricardi,

418 857 668 912 abbatem
695 860 762 913 de
788 861 970 930 Burgo
995 861 1163 912 fuisse
1190 860 1431 929 quietum
1458 860 1525 911 de
1554 859 1650 911 tali
1684 857 2099 910 amerciamento
2128 874 2224 924 per
2250 862 2421 907 cartas

419 961 562 1010 suaS,
600 945 723 998 ideo
764 945 1013 998 abbatem
1051 964 1082 998 a
1118 945 1374 1016 predictis
1413 944 1624 997 duabus
1662 944 1855 997 marcis
1882 944 2125 1012 quietum
2151 941 2421 1011 adjudica-

416 1039 630 1083 verunt.

88 1115 154 1154 '⁰02-
172 1114 301 1155 cxxiii.
324 1114 396 1168 νο·)
467 1116 935 1181 [Disratiocinacio
956 1117 1124 1186 Burgi
1144 1118 1210 1170 de
1238 1117 1541 1171 Alwaltona
1558 1124 1746 1170 contra
1760 1116 2031 1169 Abbatem
2049 1115 2115 1167 de
2132 1113 2420 1166 Thorneia.

203 1205 396 1244 Mcoxxx.
490 1202 609 1253 Rex
657 1200 906 1253 transivit
953 1201 1010 1252 in
1060 1201 1359 1254 Britaniam
1408 1202 1587 1271 vigilia
1655 1201 2025 1271 apostolorum
2079 1198 2315 1268 Philippi
2364 1206 2419 1250 et

415 1286 454 1339 J
455 1287 624 1352 acobi,
650 1294 705 1340 et
728 1286 892 1357 peciit
916 1287 1174 1340 auxilium
1199 1287 1265 1340 ab
1287 1287 1540 1341 omnibus
1567 1287 1835 1357 episcopis
1862 1294 1917 1339 et
1942 1285 2246 1339 abbatibus,
2301 1285 2419 1336 Do-

415 1371 595 1424 minus
612 1371 885 1423 Martinus
905 1364 1071 1423 abbas
1098 1372 1165 1425 de
1192 1373 1374 1443 Burgo
1402 1372 1551 1425 dedit
1577 1373 1626 1425 01
1650 1372 1705 1423 in
1733 1371 1993 1424 auxilium
2014 1389 2058 1423 c.
2087 1387 2324 1433 marcas3
2363 1375 2420 1420 et

417 1457 483 1509 de
510 1457 746 1527 scutagio
772 1457 959 1510 novies
985 1458 1215 1526 vinginti
1239 1477 1462 1510 marcas.
1539 1458 1666 1527 Ipse
1704 1475 1800 1509 rex
1839 1456 1998 1508 rediit
2035 1455 2227 1508 eodem
2257 1472 2420 1517 anno,

415 1549 471 1594 et
495 1543 672 1612 exegit
700 1543 844 1595 aliud
870 1543 1189 1612 scutagium,
1230 1544 1432 1597 scilicet
1465 1543 1538 1595 iii.
1575 1561 1779 1595 marcas
1806 1543 1873 1594 ad
1901 1549 2131 1594 scutum.
2206 1539 2419 1591 Eodem

414 1646 556 1680 anno
580 1628 636 1680 in
664 1629 895 1681 crastino
922 1630 1294 1699 apostolorum
1322 1629 1558 1699 Philippi
1584 1636 1640 1681 et
1664 1629 1701 1681 J
1704 1627 1857 1681 acobi
1882 1625 2226 1679 dirationavit
2250 1624 2417 1676 abbas

415 1714 687 1767 Martinus
714 1714 991 1768 libertates
1019 1734 1142 1768 suas
1171 1717 1236 1768 de
1261 1716 1564 1768 Alwaltona
1589 1722 1645 1767 et
1670 1715 1924 1767 Flettona
1957 1721 2144 1766 contra
2169 1710 2420 1763 abbatem

415 1799 481 1852 de
505 1800 734 1852 Torneia
764 1802 910 1871 apud
934 1801 1500 1863 westmonasterium,
1545 1819 1725 1853 coram
1764 1800 1801 1852 J
1804 1798 2089 1851 usticiariis
2124 1798 2191 1850 de
2219 1798 2420 1860 BancO‚

416 1885 555 1938 sicut
578 1886 635 1937 in
661 1904 848 1939 eorum
874 1886 1051 1938 rotulo
1078 1886 1402 1951 continetur,
1429 1893 1483 1939 et
1507 1886 1730 1938 inferius
1759 1884 2019 1954 scriptum
2046 1890 2147 1936 est.

488 1971 557 2022 In
595 1971 826 2024 crastino
864 1972 1236 2041 apostolorum
1277 1971 1516 2042 Philippi
1556 1978 1612 2024 et
1661 1970 1868 2035 Jacobi‚
1907 1988 2050 2022 anno
2088 1967 2239 2037 regni
2281 1966 2420 2035 regis

415 2141 563 2192 mino
589 2142 627 2194 J
629 2142 867 2194 oscelino
895 2143 1214 2194 Batoniensi
1252 2143 1527 2213 episcopo,
1549 2150 1605 2194 et
1630 2143 1873 2194 Waltero
1903 2138 2252 2193 Carleonensi
2278 2136 2421 2206 epis-

417 2244 572 2295 cop0,
587 2227 902 2280 Tesaurario
925 2228 1131 2279 domini
1150 2228 1331 2297 Regis,
1359 2235 1414 2280 et
1430 2228 1706 2280 Willelmo
1734 2227 1801 2278 de
1819 2226 2068 2296 Rasleya,
2095 2232 2151 2277 et
2177 2223 2417 2285 Roberto

417 2310 483 2362 de
510 2311 811 2374 Laxetone,
855 2319 911 2363 et
933 2311 1209 2364 Willelmo
1250 2312 1316 2363 de
1357 2311 1560 2376 Insula,
1599 2319 1655 2363 et
1688 2311 1964 2363 Willelmo
2010 2310 2076 2362 de
2116 2306 2421 2370 Londonia,

410 2395 720 2464 justiciariis
761 2396 968 2448 domini
1009 2396 1171 2467 Regis
1210 2397 1268 2449 in
1307 2398 1511 2461 Banco,
1554 2396 1826 2449 Robertus
1871 2395 2037 2448 abbas
2084 2396 2150 2447 de
2174 2396 2421 2463 Torneye

417 2479 739 2532 attachiatus
778 2480 881 2532 fuit
905 2481 971 2534 ad
999 2482 1440 2550 respondendum
1475 2482 1717 2534 Martino
1760 2481 1942 2533 abbati
1983 2481 2048 2533 de
2075 2481 2275 2549 BurgO,
2315 2497 2421 2548 quo

416 2573 651 2619 waranto
678 2565 821 2635 cepit
844 2566 883 2618 J
885 2567 1154 2619 ohannem
1175 2567 1486 2620 Bercarium
1507 2567 1573 2620 de
1599 2568 1934 2620 Alewaltona
1957 2567 2095 2618 infra
2118 2566 2422 2618 libertatem

414 2651 586 2721 ipsius
627 2650 836 2703 abbatis
878 2652 944 2704 de
989 2652 1172 2722 Burgo
1209 2638 1267 2705 in
1310 2653 1702 2705 Alewaltonam
1734 2671 1830 2722 per
1867 2652 2101 2722 apellum
2140 2651 2422 2721 cujusdam

416 2735 739 2805 probatoriS,
789 2743 845 2788 et
893 2737 1128 2806 apellum
1166 2737 1302 2789 illud
1344 2737 1523 2790 tenuit
1565 2738 1622 2789 in
1667 2738 1812 2790 curia
1857 2756 1985 2802 sua,
2031 2737 2238 2790 desicut
2277 2737 2422 2789 idem

415 2820 581 2873 abbas
608 2821 675 2873 de
698 2821 930 2874 Torneia
953 2840 1064 2875 non
1106 2823 1271 2876 habet
1313 2823 1515 2876 curiam
1543 2842 1713 2888 suam,
1756 2823 1863 2876 nisi
1902 2824 1968 2876 (10
2008 2824 2113 2875 hiis
2140 2841 2244 2893 que
2272 2841 2422 2893 spec-

414 2914 533 2958 tant
558 2906 626 2957 ad
650 2906 1101 2973 vicecomitatum,
1141 2909 1287 2961 unde
1326 2909 1471 2962 idem
1498 2908 1664 2961 abbas
1692 2909 1759 2962 de
1786 2910 1968 2979 Burgo
1995 2909 2234 2979 queritur
2276 2909 2422 2979 quod

417 2992 625 3044 desicut
665 2991 781 3061 ipse
807 2992 972 3045 habet
1015 3012 1112 3063 per
1137 3002 1308 3047 cartas
1348 2995 1555 3048 domini
1583 2995 1746 3065 Regis
1792 2995 2048 3065 quicquid
2082 2995 2317 3065 pertinet
2354 2996 2422 3047 ad

415 3079 869 3144 vicecomitatum,
893 3080 951 3131 in
977 3080 1173 3150 quibus
1201 3082 1510 3134 continetur
1536 3083 1681 3152 quod
1708 3083 1960 3135 dominus
1991 3082 2109 3136 Rex
2151 3082 2420 3153 prohibet,

417 3181 486 3215 ne
511 3164 702 3233 aliquis
727 3164 1028 3218 vicecomes
1054 3167 1142 3218 vel
1178 3166 1368 3236 aliquis
1403 3168 1537 3219 alius
1580 3167 1908 3221 intromittat
1951 3186 2008 3221 se
2034 3169 2100 3221 de
2126 3167 2420 3220 hundredis

418 3247 588 3316 ipsius
624 3250 833 3303 abbatis
859 3252 946 3305 vel
971 3254 1037 3305 de
1080 3253 1444 3323 francoplegio
1480 3254 1884 3307 hundredorum
1928 3255 2016 3308 vel
2053 3253 2418 3307 dominiorum

421 3350 641 3385 suorum
684 3335 741 3387 in
767 3338 1157 3408 cujuscumque
1200 3340 1372 3392 Ballia
1413 3340 1539 3404 sint,
1584 3341 1707 3410 quia
1743 3341 2000 3393 dominus
2030 3342 2146 3392 Rex
2172 3339 2420 3391 concedit

423 3417 499 3467 eis
535 3418 680 3486 quod
703 3419 938 3474 habeant
961 3422 1018 3474 in
1045 3423 1298 3476 omnibus
1325 3425 1620 3477 hundredis
1648 3432 1704 3478 et
1738 3424 1988 3477 dominiis
2007 3424 2135 3484 suiS‚
2162 3423 2216 3473 in
2239 3423 2419 3491 cujus-
