2774 3952
50 2617 151 2667 (fol.
171 2617 253 2658 ciii.
273 2620 355 2671 νο.)

47 2693 109 2730 De
128 2693 279 2734 eodem.

439 408 507 454 86
968 420 1324 457 cflaomcoN
1355 422 1898 458 PETROBURGENSE.

435 546 618 615 Burgo
647 545 820 598 sancti
849 546 994 598 Petri
1021 553 1076 599 et
1101 564 1288 599 eorum
1328 546 1626 616 quemlibet
1669 555 2070 616 procuratorem
2113 549 2439 618 legittimum

432 649 529 683 seu
555 632 911 696 defensorem,
938 632 1083 701 quod
1108 633 1226 684 vult
1256 633 1337 684 uti
1363 633 1541 685 littera
1568 651 1664 684 sua
1689 632 1988 700 provisoria
2015 651 2111 685 seu
2135 635 2440 686 executoria

428 717 549 769 loco
573 717 899 770 narracionis
925 717 1090 769 libelli
1117 736 1214 770 seu
1239 718 1448 770 articuli
1473 737 1599 769 cum
1642 718 1742 770 hac
1787 717 2094 787 adjeccione
2136 719 2438 787 peticioniS,

428 803 678 856 videlicet
726 803 966 873 probatis
1018 823 1120 873 que
1173 803 1276 855 sibi
1327 804 1596 856 sufficiant
1643 803 1700 854 in
1751 803 2049 872 premissiS,
2100 804 2240 872 petit
2283 805 2439 873 juxta

427 890 674 955 formam,
694 891 823 955 vim,
842 891 1097 943 virtutem
1125 898 1180 943 et
1206 891 1459 942 effectum
1481 890 1621 942 dicte
1646 889 1823 941 littere
1849 889 2148 959 provisorie
2185 890 2252 942 de
2291 909 2439 943 com-

426 976 636 1042 petenti
684 974 948 1027 beneficio
993 982 1270 1045 spectante
1322 975 1390 1026 ad
1439 973 1787 1027 collacionem
1834 992 1932 1026 seu
1975 974 2438 1043 presentacionem

428 1059 694 1111 dictorum
722 1059 932 1111 abbatis
960 1068 1016 1111 et
1059 1067 1358 1111 conventus
1387 1059 1490 1110 sibi
1527 1058 1798 1128 provideri
1837 1065 1892 1109 et
1932 1059 2078 1127 quod
2118 1059 2436 1111 canonicum

426 1153 510 1197 est
535 1145 700 1197 statui
720 1153 775 1197 et
801 1145 903 1197 sibi
930 1164 1092 1215 super
1116 1146 1393 1215 premissis
1419 1145 1637 1215 justicie
1671 1146 2130 1215 complementum
2163 1145 2420 1199 exhiberi.

499 1232 632 1283 Post
655 1232 755 1283 hec
782 1231 929 1284 citati
956 1232 1208 1284 dominus
1247 1231 1412 1284 abbas
1440 1239 1494 1283 et
1520 1239 1840 1297 conventUS,
1886 1240 1949 1284 ut
1976 1250 2138 1301 supra
2182 1241 2436 1298 notatur3

424 1325 843 1387 comparuerunt
887 1336 1067 1370 coram
1119 1318 1340 1369 domino
1391 1317 1650 1387 episcopo
1700 1335 1797 1386 per
1846 1325 2251 1387 procuratorem
2293 1319 2437 1387 apud

423 1401 838 1470 Ethelburgum,
866 1402 950 1455 die
978 1401 1239 1454 Mercurii
1263 1402 1511 1472 proxima
1535 1409 1663 1471 post
1687 1402 1887 1454 festum
1919 1401 2182 1454 Omnium
2211 1402 2436 1455 Sancto-

422 1506 543 1540 rum
586 1489 643 1540 in
670 1489 892 1542 ecclesia
930 1489 1222 1558 parochiali
1262 1489 1506 1558 ejusdem
1546 1489 1688 1541 ville.
1765 1487 1877 1540 Ubi
1917 1487 2095 1539 dictus
2124 1487 2433 1540 Willelmus

426 1574 736 1643 Champiun
761 1575 1115 1644 personaliter
1140 1575 1489 1644 comparavit.
1565 1575 1641 1626 Et
1685 1573 1810 1643 quia
1848 1571 2134 1625 videbatur
2159 1574 2208 1624 ei
2234 1573 2434 1625 dictam

422 1659 748 1729 peticionem
764 1679 882 1713 esse
907 1660 1069 1712 nimis
1095 1661 1415 1730 generalem,
1442 1659 1683 1730 porrexit
1718 1659 1875 1711 aliam
1902 1658 2228 1727 peticionem
2255 1677 2432 1711 coram

420 1745 629 1813 prefato
656 1745 913 1815 episcopo
941 1746 1042 1798 sub
1068 1746 1168 1798 hac
1194 1747 1367 1798 forma
1384 1766 1473 1797 :—

494 1831 561 1882 In
588 1832 805 1883 nomine
822 1832 1048 1884 Domini
1073 1833 1268 1885 Amen.
1330 1831 1527 1883 Coram
1543 1831 1698 1884 vobis
1714 1830 2002 1884 venerabili
2031 1837 2182 1901 patre
2210 1831 2430 1884 domino

421 1916 640 1969 Olivero
661 1917 766 1969 Dei
782 1918 951 1987 gratia
968 1918 1251 1971 Lincolnie
1269 1918 1545 1987 episcopO,
1560 1917 1721 1970 unico
1738 1917 2016 1986 provisore
2034 1935 2128 1970 seu
2146 1913 2430 1971 executore

417 2021 448 2054 a
473 2004 598 2055 sede
625 2004 919 2073 apostolica
942 2004 1000 2056 in
1037 2005 1260 2074 negocio
1298 2004 1642 2073 infrascripto
1670 2004 1949 2072 deputatO,
1976 2004 2095 2072 Ego
2122 2003 2429 2056 Willelmus

419 2088 689 2158 Campiun
710 2090 776 2141 de
799 2090 1128 2160 Irtlingburc
1153 2107 1359 2160 pauper
1385 2089 1606 2142 clericus
1639 2097 1818 2142 vestre
1845 2088 2074 2141 diocesis
2101 2089 2429 2141 constitutus

415 2174 753 2245 infrascripta
777 2194 1044 2245 propono.
1122 2176 1263 2227 Cum
1308 2193 1405 2245 per
1449 2174 1848 2226 sanctissimum
1887 2181 2097 2243 patrem
2147 2173 2430 2226 dominum

418 2260 720 2313 Martinum
746 2279 943 2331 papam
970 2269 1221 2332 quartum
1248 2261 1405 2315 vobis
1443 2279 1541 2331 per
1584 2259 1880 2330 apostolica
1918 2259 2116 2329 scripta
2141 2260 2429 2312 demanda-

417 2353 534 2397 tum
579 2347 777 2399 existat
802 2347 948 2418 quod
973 2367 1071 2401 vos
1100 2349 1166 2400 de
1204 2348 1315 2400 vita
1360 2355 1415 2400 et
1458 2345 1875 2399 conversacione
1919 2363 2040 2398 mea
2086 2346 2309 2398 solerter
2346 2347 2429 2397 in-

418 2431 709 2499 quirenteS,
736 2432 782 2482 si
808 2450 894 2483 me
919 2432 1029 2484 vite
1055 2431 1337 2484 laudabilis
1378 2439 1434 2484 et
1475 2432 1705 2484 honeste
1747 2430 2177 2483 conversacionis
2204 2449 2318 2483 esse
2347 2450 2430 2484 re-

417 2516 662 2585 pereritis
689 2523 744 2568 et
769 2516 911 2567 aliud
933 2518 1355 2570 ecclesiasticum
1373 2517 1697 2570 beneficium
1717 2535 1830 2569 non
1856 2517 2147 2586 optineam,
2173 2535 2273 2569 nec
2299 2517 2427 2568 alias

418 2619 517 2671 pro
546 2619 631 2653 me
657 2602 971 2671 [scripserit
994 2602 1140 2654 idem
1180 2603 1433 2655 dominus
1459 2621 1618 2671 papa,
1654 2603 1905 2671 aliudque
1949 2603 2269 2654 canonicum
2313 2621 2425 2655 non

420 2686 651 2739 obsistat
688 2685 853 2738 michi
897 2687 1195 2738 secundum
1245 2705 1364 2738 mee
1413 2686 1701 2756 probitatis
1753 2687 1943 2738 merita
1987 2687 2054 2738 de
2094 2686 2425 2755 competenti

417 2773 679 2826 beneficio
707 2792 830 2825 cum
857 2791 983 2825 cura
1007 2773 1094 2825 vel
1121 2773 1235 2825 sine
1281 2790 1407 2824 cura
1451 2779 1713 2824 consueto
1757 2771 1824 2823 ab
1870 2772 1999 2823 olim
2041 2771 2244 2824 clericis
2273 2790 2424 2824 secu-

417 2859 617 2911 laribus
668 2859 945 2928 assignari,
988 2866 1266 2929 spectante
1309 2858 1378 2910 ad
1428 2858 1775 2910 collacionem
1824 2858 1911 2909 vel
1958 2857 2422 2926 presentacionem

419 2947 760 2999 dominorum
786 2946 995 2998 abbatis
1022 2954 1077 2999 et
1102 2952 1403 2998 conventus
1429 2944 1743 2996 monasterii
1770 2944 1941 2996 sancti
1981 2944 2125 2995 Petri
2153 2944 2217 2995 de
2240 2945 2423 3014 Burgo

418 3032 622 3085 ordinis
650 3033 821 3085 sancti
843 3031 1124 3084 Benedicti
1141 3030 1423 3083 Lincolnie
1461 3030 1690 3083 diocesis
1725 3029 2058 3100 conjunctim
2074 3030 2160 3082 vel
2187 3029 2421 3095 divisim,

418 3118 463 3171 si
483 3119 628 3188 quod
646 3118 703 3169 in
724 3117 938 3170 civitate
957 3118 1045 3170 vel
1065 3116 1265 3169 diocesi
1284 3116 1567 3169 Lincolnie
1592 3124 1835 3186 tempore
1853 3115 2218 3168 concessionis
2244 3115 2421 3169 littere

416 3203 712 3273 provisorie
739 3203 903 3256 michi
929 3203 985 3254 in
1013 3204 1112 3255 hac
1137 3211 1289 3272 parte
1315 3220 1570 3255 concesse
1608 3203 1692 3255 vel
1720 3202 1990 3272 quamcito
2017 3202 2083 3253 ad
2111 3202 2167 3252 id
2204 3203 2422 3255 offerret

416 3307 473 3341 se
497 3289 741 3352 facultaS,
768 3288 1063 3339 dummodo
1090 3305 1188 3356 pro
1215 3287 1317 3338 alio
1345 3305 1455 3338 non
1484 3287 1757 3356 scripserit
1784 3286 1958 3338 dictus
2002 3286 2255 3338 dominus
2281 3305 2421 3356 papa

415 3392 577 3442 super
602 3373 926 3427 conferendo
955 3373 1056 3425 sibi
1081 3372 1343 3425 beneficio
1370 3373 1437 3425 ad
1482 3374 1702 3425 eosdem
1729 3371 1979 3424 abbatem
2007 3380 2063 3424 et
2089 3380 2419 3424 conventum

412 3460 737 3527 pertinente,
762 3460 849 3513 vel
874 3459 978 3529 ipsi
1004 3478 1114 3529 non
1144 3459 1253 3511 sint
1285 3477 1446 3529 super
1489 3458 1707 3512 alterius
1752 3457 2061 3528 provisione
2102 3457 2418 3511 auctoritate
