2774 3952
53 1150 170 1187 Visus
189 1149 315 1186 franci

56 1203 232 1253 (plegii).

53 1421 150 1474 (soz.
169 1435 247 1462 m.
266 1422 339 1476 φο.)

51 2936 233 2975 Vetitum

52 3002 247 3030 nanuum.

421 418 521 465 116
946 429 1303 465 61111οΝ16οΝ
1334 429 1877 466 PETROBURGENSE.

420 554 566 606 Petri
591 554 658 607 de
685 555 867 624 Burgo
914 555 1098 608 Sancti
1125 554 1271 608 Petri
1315 553 1659 624 dispendium
1696 573 1809 607 non
1852 552 2127 605 modicum
2167 561 2222 606 et
2261 553 2422 607 liber-

417 640 545 691 tatis
573 658 667 692 sue
692 640 951 693 lesionem
977 640 1335 704 manifestam,
1359 648 1423 691 ut
1448 639 1595 691 dicit.
1669 639 1746 691 Et
1769 637 1968 690 habeas
2007 638 2084 690 ibi
2123 638 2423 691 summoni-

420 724 629 778 cionem
654 732 710 778 et
733 725 837 778 hoc
861 725 1040 779 breve.
1112 726 1275 778 Teste
1301 724 1510 794 meipso
1550 723 1695 793 apud
1720 722 2086 793 Whytefelde,
2111 741 2165 776 x,
2192 723 2278 776 die
2303 724 2422 776 No-

420 810 675 875 vembriS,
700 829 841 863 anno
867 810 1015 879 regni
1040 809 1213 862 nostri
1237 809 1367 861 xiii⁰.

496 894 655 946 Istud
679 893 840 948 breve
864 913 975 946 non
1000 894 1102 946 fuit
1123 893 1226 945 sub
1252 911 1370 946 cera
1396 894 1682 962 signatum,
1702 893 1795 945 sed
1821 900 2042 962 propter
2059 891 2422 962 prolixitatem

421 979 538 1047 ejus
583 978 922 1031 dividebatur
969 977 1027 1030 in
1077 985 1307 1048 quatuor
1359 977 1610 1030 brevibus
1657 978 1979 1031 subnotatis,
2052 978 2233 1030 Tenor
2263 975 2425 1047 primi

418 1063 597 1116 brevis
623 1064 744 1116 talis
770 1072 854 1116 est
873 1084 962 1116 2—-

497 1149 792 1202 Edwardus
818 1150 924 1203 Dei
948 1151 1117 1220 gratia
1155 1158 1258 1204 etc.
1282 1151 1584 1204 vicecomiti
1625 1149 2019 1204 Norhamtonie
2046 1149 2290 1202 salutem.
2367 1147 2426 1200 Si

423 1235 588 1289 abbas
615 1237 682 1289 de
717 1237 899 1306 Burgo
928 1237 1099 1288 sancti
1126 1236 1271 1289 Petri
1297 1244 1398 1289 616.
1426 1245 1557 1289 tunc
1584 1246 1924 1291 summonete
1964 1245 2068 1290 etc.
2115 1235 2424 1289 Gilbertum

421 1322 487 1375 de
508 1322 662 1374 Clare
688 1329 789 1374 etc.
816 1321 959 1391 quod
987 1321 1058 1373 sit
1082 1329 1183 1374 etc.
1209 1321 1276 1373 ad
1301 1322 1529 1390 primam
1550 1322 1773 1374 assisam
1793 1330 1894 1375 etc.
1922 1330 2237 1375 ostensurus
2264 1336 2427 1389 quare

421 1424 543 1459 cum
569 1406 712 1459 idem
741 1406 906 1459 abbas
932 1407 1144 1460 racione
1169 1412 1192 1473 l
1217 1415 1340 1460 octo
1356 1408 1762 1460 hundredorum
1789 1425 2027 1470 suorum,
2048 1424 2151 1475 que
2176 1405 2231 1457 in
2260 1406 2426 1457 comi-

419 1499 536 1543 tatu
571 1491 637 1544 de
661 1490 819 1544 nobis
863 1499 1014 1544 tenet
1056 1491 1113 1544 in
1152 1491 1343 1561 capite,
1386 1492 1565 1544 visum
1609 1493 1776 1546 franci
1818 1491 1981 1562 plegii
2008 1493 2074 1544 de
2112 1490 2426 1544 hominibus

419 1575 646 1645 predicti
671 1576 884 1629 comitis
931 1577 997 1628 de
1023 1577 1262 1629 Bartona
1289 1577 1513 1629 Hanred
1539 1585 1595 1630 et
1619 1578 1735 1629 aliis
1760 1578 1902 1631 villis
1927 1578 2064 1629 infra
2089 1577 2424 1646 precinctum

418 1661 783 1730 predictorum
808 1662 1215 1714 hundredorum
1241 1661 1468 1730 predicti
1508 1661 1736 1714 abbatis*
1758 1662 2236 1725 commorantibuS,
2263 1661 2423 1713 simul

419 1764 543 1798 cum
585 1747 811 1800 emenda
853 1747 1341 1817 transgressionum
1380 1764 1477 1815 per
1517 1745 1668 1816 ipsos
1711 1747 1959 1799 homines
2003 1754 2189 1800 contra
2228 1747 2424 1799 assisas

418 1833 575 1901 panis
602 1842 657 1885 et
681 1833 901 1885 cervisie
928 1834 1187 1884 factarum
1228 1840 1411 1884 tenere
1450 1840 1506 1884 et
1547 1831 1743 1885 habere
1782 1832 1992 1898 debeat,
2037 1833 2177 1886 sicut
2201 1831 2423 1885 abbates

420 1917 487 1970 de
526 1918 707 1988 Burgo
749 1919 920 1970 sancti
964 1918 1108 1971 Petri
1147 1918 1554 1987 predecessores
1598 1918 1825 1986 predicti
1862 1917 2073 1971 abbatis
2116 1936 2213 1988 per
2251 1926 2424 1971 cartas

417 2002 858 2071 predecessorum
899 2010 1209 2055 nostrorum
1243 2018 1431 2071 regum
1474 2002 1687 2071 Anglie‚
1727 2021 1860 2072 quas
1902 2003 2047 2055 idem
2087 2002 2252 2054 abbas
2295 2003 2422 2057 inde

417 2088 597 2152 habet,
622 2087 935 2157 hujusmodi
959 2087 1136 2141 visum
1164 2095 1217 2139 et
1252 2087 1507 2140 emendas
1549 2087 1615 2139 de
1657 2088 1912 2156 predictis
1951 2087 2263 2140 hominibus
2303 2107 2424 2158 pre-

419 2172 547 2225 dicti
573 2173 785 2225 comitis
811 2182 993 2226 tenere
1020 2181 1075 2225 et
1099 2171 1296 2225 habere
1322 2175 1736 2236 consueverunt,
1780 2172 1923 2225 idem
1949 2191 2129 2224 comes
2155 2174 2422 2242 prefatum

418 2259 667 2313 abbatem
717 2260 895 2312 visum
936 2260 1089 2312 illum
1134 2267 1190 2311 et
1234 2257 1510 2320 emendas,
1554 2257 1694 2309 sicut
1732 2257 1910 2310 visum
1952 2258 2104 2310 illum
2143 2266 2329 2313 tenere
2369 2270 2424 2314 et

418 2348 673 2399 emendas
710 2347 827 2399 illas
853 2346 1050 2399 habere
1085 2345 1297 2410 debeat,
1337 2352 1392 2396 et
1433 2344 1840 2414 predecessores
1886 2345 1970 2397 sui
2009 2364 2101 2398 eos
2142 2354 2324 2399 tenere
2369 2357 2424 2401 et

416 2433 613 2485 habere
654 2441 1083 2498 consueverunt3
1128 2440 1311 2484 tenere
1355 2438 1410 2482 et
1451 2430 1649 2483 habere
1692 2449 1802 2483 non
1847 2431 2114 2500 permittit
2154 2432 2211 2484 in
2250 2432 2420 2502 ipsius

417 2517 626 2570 abbatis
653 2527 708 2571 et
733 2519 953 2570 ecclesie
981 2536 1075 2569 sue
1102 2517 1274 2569 sancti
1301 2516 1447 2568 Petri
1487 2516 1554 2568 de
1593 2517 1778 2585 Burgo
1818 2517 1990 2569 sancti
2019 2518 2164 2570 Petri
2204 2518 2422 2588 dispen-

417 2599 567 2653 dium
591 2620 702 2654 non
728 2601 1001 2653 modicum
1028 2608 1083 2651 et
1106 2599 1367 2652 libertatis
1395 2618 1490 2652 sue
1514 2600 1774 2652 lesionem
1802 2601 2160 2666 manifestam,
2186 2610 2249 2654 ut
2274 2603 2420 2656 dicit.

417 2688 495 2740 Et
517 2685 717 2739 habeas
741 2685 817 2738 ibi
845 2683 1327 2736 summonicionem
1354 2690 1410 2734 et
1433 2683 1538 2734 hoc
1561 2682 1740 2736 breve.
1797 2685 1959 2736 Teste
1995 2685 2251 2755 [meipso]
2276 2687 2419 2754 apud

420 2772 635 2825 Bellum
662 2770 871 2822 Locum
899 2768 1080 2836 Regis,
1105 2767 1213 2819 xvi.
1240 2766 1326 2818 die
1353 2765 1698 2828 NovembriS,
1724 2785 1866 2818 anno
1895 2769 2067 2837 Regni
2091 2770 2263 2821 nostri
2289 2770 2420 2823 xiii0.

491 2857 670 2908 Tenor
693 2854 871 2907 brevis
897 2854 963 2905 de
987 2851 1185 2922 placito
1210 2850 1364 2904 vetiti
1389 2850 1554 2902 namii
1578 2851 1699 2903 talis
1727 2860 1809 2903 est
1827 2873 1915 2903 2-

432 2985 435 2988 .
493 2940 792 2994 Edwardus
818 2939 924 2991 Dei
962 2938 1129 3007 gratia
1154 2944 1256 2989 etc.
1281 2936 1585 2988 vicecomiti
1610 2937 2004 2990 Norhamtonie
2039 2937 2284 2992 salutem.
2361 2939 2420 2993 Si

422 3026 587 3079 abbas
614 3027 680 3078 de
707 3026 889 3094 Burgo
917 3023 1086 3076 sancti
1133 3021 1278 3074 Petri
1316 3021 1502 3073 fecerit
1530 3029 1584 3073 te
1620 3040 1868 3074 securum
1895 3029 1997 3074 etc.
2023 3030 2154 3074 tunc
2180 3041 2418 3076 summo-

421 3121 546 3165 nete
581 3118 683 3164 etc.
712 3109 1019 3162 Gilbertum
1062 3106 1128 3158 de
1156 3107 1311 3158 Clare
1339 3106 1592 3158 comitem
1621 3106 1962 3159 Gloucestrie
1988 3115 2043 3159 et
2088 3108 2419 3173 Hertfordie,

424 3198 568 3268 quod
595 3197 665 3248 sit
688 3213 868 3248 coram
897 3192 1208 3262 justiciariis
1235 3191 1435 3243 nostris
1462 3192 1530 3243 ad
1569 3192 1798 3261 primam
1843 3193 2065 3244 assisam
2107 3202 2208 3246 etc.
2236 3202 2421 3246 osten·-

423 3302 579 3337 surus
606 3300 767 3353 quare
793 3299 916 3334 cum
941 3279 1084 3331 idem
1103 3277 1267 3329 abbas
1283 3277 1497 3330 racione
1515 3277 1627 3330 viii.
1645 3278 2051 3331 hundredorum
2074 3298 2294 3332 suorum
2315 3298 2420 3350 que

420 3371 476 3425 in
504 3369 761 3423 comitatu
788 3365 1028 3440 predicto
1056 3365 1121 3417 de
1148 3363 1306 3417 nobis
1333 3371 1482 3417 tenet
1506 3363 1560 3416 in
1589 3363 1778 3433 capite,
1800 3365 2059 3434 placitum
2076 3366 2230 3420 vetiti
2255 3364 2431 3428 11611111ἱ
