2774 3952
480 434 581 481 138
1007 443 1362 482 onnomcoN
1393 446 1936 485 Parnonunoansn.

477 571 758 624 dominum
786 574 988 642 Regem
1015 579 1071 625 et
1108 572 1391 624 consilium
1433 588 1593 624 suum
1626 572 1956 642 judicentur.
2030 573 2119 626 Ad
2145 591 2301 644 quem
2331 575 2474 628 diem

476 658 642 711 abbas
670 659 819 711 venit
843 677 940 728 per
983 666 1313 711 attornatum
1355 676 1534 723 suum,
1578 666 1633 711 et
1675 658 1834 711 datus
1878 666 1963 712 est
2006 658 2055 711 ei
2082 659 2195 711 dies
2233 661 2376 729 quod
2405 661 2475 713 sit

476 761 656 797 coram
698 744 991 797 baronibus
1019 745 1084 797 de
1129 744 1404 797 Scaccario
1445 745 1513 796 ad
1556 744 1885 796 audiendum
1916 744 2182 814 judicium
2217 763 2374 798 suum
2417 745 2475 797 in

477 830 682 883 octabis
700 829 1092 883 Purificationis
1107 831 1262 883 beate
1279 831 1472 896 Marie,
1482 831 1605 900 quia
1619 831 1863 883 nondum
1874 830 2141 901 judicium
2156 831 2356 883 factum
2374 838 2474 884 est.

117 925 447 981 (sol.cxxiiii.v⁰.)
549 921 571 982 l
592 916 756 969 Anno
783 916 1009 969 Domini
1035 917 1254 968 M⁰·.c⁰c⁰.
1282 916 1611 985 octogesimo
1639 922 1808 968 sext0.

550 1002 637 1054 De
661 1002 852 1054 itinere
872 1001 1293 1071 justiciariorum
1321 1002 1386 1054 de
1414 1001 1640 1055 Foresta
1664 1001 1808 1071 apud
1834 998 2342 1071 Norhamptoniam.

108 1090 407 1129 Norbamtonia·
551 1087 676 1140 Hoc
700 1106 843 1139 anno
868 1088 1089 1140 fuerunt
1106 1086 1392 1157 justiciarii
1418 1087 1484 1140 de
1524 1087 1750 1140 Foresta
1786 1087 2103 1140 itinerantes
2139 1088 2288 1157 apud
2331 1088 2476 1141 Nor-

475 1171 827 1236 hamtoniam,
877 1171 1144 1236 videlicet,
1181 1173 1424 1242 Rogerus
1467 1171 1518 1224 le
1563 1172 1829 1242 Estrange
1873 1179 1929 1225 et
1969 1172 2100 1225 socii
2146 1172 2252 1239 sui,
2298 1189 2476 1226 coram

478 1256 692 1327 quibuS,
729 1257 882 1309 lectis
921 1258 1081 1310 cartis
1119 1257 1432 1310 libertatum
1458 1257 1524 1309 de
1551 1258 1770 1322 foresta,
1797 1258 2021 1312 allocate
2058 1259 2280 1311 fuerunt
2314 1258 2475 1313 liber—

475 1349 613 1394 tates
639 1341 877 1410 pacifice,
904 1350 958 1394 et
984 1342 1100 1395 sine
1125 1342 1344 1412 placit0,
1364 1351 1419 1396 et
1443 1343 1501 1394 in
1526 1342 1717 1396 rotulis
1739 1344 2035 1397 eorundem
2055 1343 2476 1415 justiciariorum

472 1427 807 1496 transcripte.

546 1515 686 1568 Item
714 1533 892 1567 coram
919 1514 1122 1568 eisdem
1148 1515 1252 1567 fuit
1278 1522 1650 1585 presentatum
1691 1515 1757 1568 de
1793 1515 2014 1569 assartis
2052 1517 2209 1569 factis
2251 1516 2352 1569 sub
2377 1517 2477 1569 hac

471 1601 643 1653 forma
660 1623 748 1653 :—

102 1693 228 1733 Vetus
244 1702 450 1734 assartum.
543 1685 730 1738 Abbas
776 1686 842 1738 de
902 1686 1084 1755 Burgo
1143 1686 1427 1739 assartavit
1471 1686 1615 1756 apud
1661 1686 1989 1756 Cotingham
2049 1687 2158 1739 viii.
2209 1704 2357 1740 acras
2419 1695 2475 1740 et

472 1771 748 1823 dimidiam
776 1772 842 1823 de
867 1771 1026 1824 feodo
1054 1788 1153 1823 suo
1178 1771 1415 1840 proprie,
1442 1770 1588 1824 unde
1613 1771 1926 1841 recognovit
1950 1779 2053 1824 etc.

545 1856 700 1908 Idem
739 1855 904 1908 abbas
955 1856 1083 1909 fecit
1124 1856 1174 1909 .i.
1215 1857 1511 1910 frussuram
1555 1857 1758 1909 ibidem
1803 1858 1869 1910 de
1910 1858 2068 1911 feodo
2111 1877 2210 1911 suo
2249 1859 2468 1929 proprio

470 1942 839 1994 conti-nentem
866 1941 956 1994 xii.
984 1961 1132 1994 acras
1159 1960 1350 1995 versus
1378 1941 1737 2012 Rokingham‚
1766 1943 1911 1996 unde
1938 1945 2251 2014 recognovit
2276 1953 2378 1997 etc.

475 2048 478 2051 ⁴
544 2027 698 2080 Idem
736 2027 901 2079 abbas
941 2029 1225 2082 assartavit
1261 2029 1463 2082 ibidem
1500 2029 1556 2081 ii.
1595 2047 1742 2081 acras
1782 2029 1849 2081 de
1891 2030 2051 2082 feodo
2099 2048 2196 2082 suo
2238 2031 2475 2101 propriO,

469 2112 613 2164 unde
637 2112 952 2181 recognovit
977 2120 1081 2165 etc.
1149 2134 1151 2136 ·

544 2197 696 2250 Idem
741 2196 910 2249 abbas
952 2198 1237 2250 assartavit
1267 2198 1410 2266 apud
1457 2197 1873 2251 Siwardeshawe
1903 2197 1970 2250 de
2009 2197 2169 2251 feodo
2215 2216 2314 2251 suo
2351 2217 2476 2269 pro-

469 2282 587 2352 prio
612 2281 916 2351 pertinente
943 2282 1010 2334 ad
1041 2300 1246 2334 novum
1274 2281 1535 2352 Bigginge
1563 2300 1690 2334 xxx.
1730 2299 1877 2334 acras
1917 2289 1972 2334 et
2010 2281 2305 2349 dimidiam,
2334 2283 2475 2336 unde

470 2367 782 2437 recognovit
806 2375 908 2421 etc.

99 2470 339 2509 Stanfordia.
546 2455 687 2506 Item
722 2462 1092 2523 presentatum
1133 2463 1216 2507 est
1259 2456 1406 2525 quod
1443 2455 1480 2508 J
1484 2455 1725 2507 ohannes
1767 2454 2155 2525 Caurymaury,
2193 2455 2475 2508 Johannes

471 2540 522 2591 le
548 2540 823 2608 Flemeng,
869 2540 1035 2609 Hugo
1067 2541 1329 2611 Bunting‚
1356 2542 1663 2594 Alexander
1689 2541 1831 2593 filius
1864 2541 2018 2593 Isaac
2045 2541 2111 2594 de
2139 2541 2395 2594 Stant-'ord
2421 2550 2477 2595 et

471 2626 649 2678 Lucas
677 2625 958 2677 decadem
1000 2626 1246 2678 consueti
1282 2627 1504 2678 fuerunt
1541 2645 1754 2679 currere
1791 2645 1915 2679 cum
1950 2625 2173 2678 canibus
2220 2627 2333 2679 suis
2359 2627 2475 2680 sine

470 2719 726 2776 warentO,
752 2717 807 2762 et
845 2728 1034 2780 capere
1067 2711 1412 2763 venationem
1450 2711 1506 2763 in
1546 2712 1777 2780 quadam
1815 2711 2082 2775 libertate,
2122 2730 2283 2780 quam
2309 2711 2474 2763 abbas

473 2799 538 2851 de
566 2797 947 2868 Burgosancti
974 2797 1119 2849 Petri
1157 2797 1322 2850 habet
1342 2797 1404 2849 'in
1441 2798 1642 2850 foresta
1666 2803 1880 2848 tantum
1914 2814 2013 2866 pro
2041 2814 2098 2848 se
2123 2803 2180 2848 et
2205 2796 2369 2851 libere
2395 2805 2475 2850 te-

471 2882 727 2935 nentibus
755 2883 885 2947 suiS,
911 2900 1019 2934 non
1049 2881 1183 2934 aliis.
1259 2882 1335 2934 Et
1361 2881 1484 2952 quia
1504 2899 1613 2933 non
1635 2881 1854 2933 fuerunt
1870 2880 1935 2934 de
1953 2878 2198 2932 libertate
2218 2881 2474 2950 predicta.

474 2971 609 3024 Ideo
634 2969 745 3038 ipsi
765 2969 821 3020 in
848 2968 1231 3021 misericordia.

483 3093 486 3096 -
550 3057 637 3109 De
661 3055 851 3108 itinere
871 3054 1293 3125 justiciariorum
1320 3054 1466 3125 apud
1493 3053 1887 3106 Bedefordiam.

104 3174 358 3214 Bedefordia.
549 3142 737 3195 Abbas
763 3142 830 3194 de
857 3141 1039 3210 Burgo
1067 3139 1239 3192 sancti
1265 3139 1409 3192 Petri
1437 3137 1801 3191 summonitus
1819 3135 1924 3190 fuit
1947 3137 2016 3189 ad
2040 3139 2477 3208 respondendum

478 3229 700 3283 domino
727 3228 863 3299 Regi
889 3228 955 3280 de
990 3227 1188 3297 placito
1217 3227 1343 3281 Quo
1368 3225 1631 3277 Warento
1658 3224 1853 3276 clamat
1876 3223 2072 3277 habere
2098 3224 2277 3278 visum
2310 3227 2478 3279 franci

474 3314 652 3385 plegii,
678 3314 831 3382 weyf,
857 3312 1115 3382 placitum
1154 3310 1309 3363 vetiti
1349 3309 1530 3371 namii,
1572 3316 1628 3360 et
1660 3316 1943 3361 returnum
1987 3308 2232 3361 brevium
2274 3310 2479 3363 domini

479 3401 641 3470 Regis
662 3401 718 3451 in
738 3398 976 3451 manerio
995 3415 1092 3450 suo
1116 3397 1181 3449 de
1200 3395 1552 3464 Stanewigge,
1573 3393 1760 3446 catalla
1778 3394 2018 3447 felonum
2039 3403 2095 3447 et
2113 3395 2476 3464 fugitivorum,

478 3494 534 3538 et
577 3484 987 3536 amerciamenta
1031 3499 1133 3551 que
1161 3499 1227 3533 ex
1253 3479 1471 3532 murdro
1498 3487 1553 3531 et
1577 3496 1643 3530 ex
1668 3477 1784 3531 aliis
1810 3479 2161 3533 forisfacturis
2193 3481 2476 3534 hominum
