2774 3952
61 636 294 674 wodeford.

64 1235 170 1286 (foe.
181 1236 290 1276 cxiii.
310 1238 390 1288 vo.)

64 2101 260 2141 Lufwike.

68 3132 330 3183 Thrapstona.

438 404 539 451 112
963 413 1322 450 cnRonON
1351 413 1898 450 Pssvnossnnonwsn.

506 539 820 593 Willelmus
845 539 895 594 16
921 541 1012 593 Do
1038 539 1321 593 consuevit
1344 539 1545 604 venire,
1572 539 1664 609 qui
1689 540 1864 592 adhuc
1891 549 2166 610 superstes
2192 551 2292 594 est.

511 628 579 680 In
607 627 917 680 Wodeford
940 627 1179 680 Thomas
1205 626 1255 679 16
1284 626 1543 695 Flemeng
1580 626 1864 678 consuevit
1888 627 2088 692 venire,
2130 628 2222 697 qui
2263 627 2439 680 adhuc

430 721 704 783 superstes
731 720 832 766 est.

503 800 783 853 Gilbertus
812 799 1038 852 Plumbe
1083 798 1367 852 consuevit
1408 797 1609 864 venire,
1649 798 1804 868 cujus
1847 806 2017 851 terras
2058 797 2332 850 Robertus
2373 798 2440 852 de

431 885 775 955 Kingethorp
802 893 971 938 tenet.

503 971 783 1023 Gilbertus
809 971 876 1023 de
903 971 1161 1041 Hoyland
1199 970 1485 1023 consuevit
1522 969 1725 1035 venire,
1765 970 1919 1040 cujus
1964 978 2133 1023 terras
2162 969 2443 1023 Hereberd

427 1063 484 1108 et
510 1056 782 1108 Henricus
807 1056 857 1107 16
885 1057 1117 1108 Paurner
1141 1063 1347 1109 tenent.

499 1142 677 1194 Lucas
702 1141 845 1193 filius
871 1142 1165 1194 Alexandri
1189 1141 1471 1194 consuevit
1494 1141 1696 1206 venire,
1722 1142 1814 1211 qui
1839 1142 2014 1195 adhuc
2041 1150 2334 1212 superstes·

497 1231 520 1293 l
546 1226 808 1279 Ricardus
835 1226 901 1278 de
925 1226 1123 1296 Trayly
1148 1227 1430 1278 consuevit
1453 1225 1636 1279 venire
1662 1234 1716 1278 et
1742 1228 1917 1280 adhuc
1942 1228 2109 1280 venit.

502 1313 747 1382 Rogerus
790 1312 982 1364 Dilkes
1033 1311 1317 1364 consuevit
1358 1312 1560 1376 venire,
1601 1313 1756 1382 cujus
1796 1322 1964 1366 terras
2007 1315 2254 1385 Rogerus
2295 1314 2440 1367 filius

433 1399 552 1469 ejus
578 1406 746 1451 tenet.

506 1485 671 1554 Hugo
696 1483 753 1535 in
779 1483 872 1536 the
901 1483 1115 1536 Croftes
1155 1483 1439 1536 consuevit
1474 1483 1676 1557 venire,
1715 1484 1868 1554 cujus
1893 1485 2121 1538 heredes
2150 1493 2281 1539 sunt
2304 1485 2443 1538 infra

435 1577 653 1623 etatem.

509 1657 677 1726 Hugo
705 1655 965 1709 Biestone
991 1655 1275 1709 consuevit
1298 1655 1500 1720 venire,
1527 1655 1619 1725 qui
1645 1656 1822 1708 adhuc
1849 1664 2124 1727 superstes
2151 1666 2254 1711 est.

508 1740 782 1793 Henricus
821 1740 999 1793 Suave
1043 1740 1328 1793 consuevit
1365 1739 1568 1804 venire,
1595 1741 1750 1810 cujus
1789 1751 1956 1793 terras
1985 1741 2255 1794 Henricus
2296 1742 2448 1794 Brun

434 1834 491 1880 et
515 1826 780 1879 Ricardus
805 1826 844 1878 J
847 1844 943 1879 oce
967 1833 1174 1878 tenent.
1418 1880 1422 1884 ,

505 1912 780 1964 walterus
808 1911 1068 1981 Flemeng
1093 1911 1378 1964 consuevit
1418 1911 1621 1977 venire,
1662 1912 1817 1982 cujus
1854 1919 2023 1965 terras
2050 1912 2350 1966 Nicholaus
2378 1914 2445 1967 de

437 1999 615 2050 Bosco
641 2004 811 2050 tenet.

510 2083 578 2135 In
586 2083 832 2137 Lufwike
849 2082 1122 2136 Robertus
1140 2083 1207 2135 de
1223 2082 1478 2135 Nodariis
1487 2081 1771 2135 consuevit
1786 2082 1987 2147 venire,
2002 2083 2094 2153 qui
2109 2083 2286 2136 adhuc
2294 2083 2447 2136 vivit.

511 2169 675 2238 Hugo
701 2168 844 2221 filius
870 2168 1031 2221 Alani
1057 2168 1340 2221 consuevit
1363 2167 1547 2220 venire
1587 2175 1642 2220 et
1684 2168 1861 2220 adhuc
1884 2168 2052 2234 venit,
2080 2169 2176 2222 sed
2213 2187 2312 2240 pro
2340 2169 2445 2222 alio

436 2262 769 2308 tenemento,

509 2341 828 2410 Radulphus
856 2340 923 2392 de
950 2339 1199 2393 Besevile
1225 2339 1510 2393 consuevit
1533 2339 1717 2392 venire
1744 2347 1799 2393 et
1818 2340 1996 2392 adhuc
2020 2340 2189 2393 venit.

508 2426 687 2478 Adam
745 2425 1008 2478 Coleman
1051 2425 1336 2479 consuevit
1392 2425 1599 2491 venire,
1644 2426 1799 2496 cujus
1843 2434 2013 2479 terras
2057 2425 2330 2479 Robertus
2382 2426 2449 2479 de

438 2511 695 2564 Beaumis
721 2518 890 2564 tenet.

510 2597 754 2665 Rogerus
810 2596 1042 2666 Taylard
1091 2596 1376 2649 consuevit
1422 2596 1624 2662 venire,
1669 2596 1824 2666 cujus
1868 2604 2036 2650 terras
2082 2598 2328 2667 Rogerus
2379 2597 2447 2649 de

440 2681 716 2751 Kylthorp
742 2688 911 2734 tenet.

511 2766 787 2819 Walterus
837 2765 1146 2820 Pereheved
1195 2764 1479 2819 consuevit
1520 2765 1721 2828 venire,
1763 2766 1919 2835 cujus
1962 2773 2130 2818 terras
2172 2765 2447 2818 Robertus

437 2852 580 2905 filius
605 2852 721 2922 ejus
746 2859 916 2905 tenet.

513 2938 735 2991 Debent
758 2937 1055 3008 presentari
1075 2956 1172 3008 per
1195 2937 1251 2991 ii.
1277 2936 1532 3007 capitales
1559 2935 1927 3002 decennariOS‚
1960 2935 2230 3003 videlicet,
2259 2937 2451 3007 Hugo-

441 3040 569 3076 nem
593 3022 662 3074 ad
688 3022 919 3074 Pontem
945 3029 1002 3074 et
1029 3022 1326 3092 Hugonem
1350 3021 1524 3074 filium
1551 3019 1797 3074 Mabilie.

516 3108 587 3161 In
609 3107 952 3176 Thrapstona
985 3107 1248 3161 Ricardus
1289 3108 1356 3161 de
1395 3106 1578 3177 Trayli
1621 3105 1905 3160 consuevit
1929 3105 2129 3171 venire,
2155 3106 2248 3176 qui
2273 3107 2449 3159 adhuc

444 3199 719 3263 superstes
746 3200 848 3245 est.

515 3278 788 3332 Robertus
814 3278 881 3330 de
908 3278 1173 3347 Pulteney
1198 3277 1480 3331 consuevit
1498 3275 1701 3342 venire,
1727 3276 1880 3346 cujus
1906 3277 2130 3333 heredes
2158 3286 2288 3332 sunt
2312 3279 2450 3332 infra

443 3371 641 3418 etatem
669 3370 724 3415 et
747 3363 804 3416 in
830 3363 1078 3417 custodia
1102 3360 1337 3415 comitis.
