2774 3952
70 826 169 875 (fol.
189 840 256 867 xc.
279 830 359 880 20.)

428 435 496 479 52
957 445 1310 481 cHRomcoN
1342 447 1881 483 PETROBURGENSS.

427 570 639 640 plenius
681 579 734 622 et
772 571 982 640 planius
1009 572 1389 636 annectandaS,
1430 580 1485 624 et
1511 572 1730 624 demum
1769 572 1954 624 habita
1991 571 2326 625 discussione
2363 568 2421 620 in

429 658 534 709 hoc
559 657 780 709 articulo
809 656 1073 726 solempni
1097 664 1259 726 prout
1285 657 1429 709 curia
1454 663 1620 709 tenet.
1697 656 1755 708 Si
1781 657 2057 725 contingat
2080 652 2424 726 pronunciari

432 743 636 795 dictum
662 743 944 812 negocium
982 761 1093 794 non
1119 762 1236 795 esse
1267 743 1320 794 in
1350 743 1494 795 curia
1518 742 1890 806 tractandum3
1933 750 2065 794 tunc
2089 759 2215 811 pars
2240 739 2426 809 appel-

430 829 547 880 lans
567 829 819 898 impetret
844 847 874 879 a
893 828 1037 880 curia
1055 827 1267 897 judices
1287 827 1343 879 in
1363 827 1557 897 Anglia
1581 845 1927 896 processuros
1944 831 1965 893 l
1983 827 2041 878 in
2067 844 2226 878 causa
2242 823 2427 893 appel-

431 915 651 967 lacionis
677 922 975 984 prenotate.
1028 914 1086 966 Si
1111 921 1294 966 autem
1318 913 1456 966 forte
1483 913 1766 983 contigerit
1790 911 2136 983 pronunciari
2154 911 2424 986 prefatum

430 1000 712 1069 negocium
738 1001 851 1052 fore
876 1000 932 1051 in
960 999 1104 1052 curia
1130 1000 1466 1052 tractandum
1487 1021 1503 1064 3
1547 1007 1678 1052 tunc
1705 999 2062 1051 descendetur
2095 997 2163 1049 ad
2206 1013 2424 1048 causam

429 1084 809 1154 appellacionis
852 1084 1072 1149 ibidem,
1117 1092 1173 1137 et
1214 1103 1339 1154 pars
1384 1085 1660 1154 appellans
1706 1084 1922 1137 docebit
1960 1085 2026 1136 de
2060 1081 2425 1153 appellacione

430 1190 526 1222 sua
569 1179 624 1222 et
664 1171 730 1222 de
774 1171 948 1222 causis
984 1170 1054 1222 ob
1100 1189 1231 1239 quas
1274 1171 1439 1223 fuerit
1482 1171 1827 1240 appellatum.
1903 1171 1990 1223 De
2015 1188 2147 1222 voce
2177 1166 2426 1237 ‘appella-

429 1256 598 1309 cionis
624 1264 679 1308 et
705 1257 771 1307 de
798 1256 971 1308 causis
1011 1257 1255 1326 ejusdem
1295 1257 1496 1326 poterit
1521 1258 1731 1309 edoceri
1769 1276 1881 1309 non
1915 1263 2131 1308 tantum
2167 1272 2264 1324 per
2300 1270 2426 1322 pro-

427 1361 640 1394 cessum
687 1341 934 1393 habitum
983 1341 1041 1394 in
1085 1343 1230 1395 curia
1266 1343 1555 1395 Cantuarie
1589 1361 1687 1412 pro
1726 1343 1959 1395 tuicione
2002 1342 2242 1412 predicta
2285 1339 2427 1409 opti-

427 1430 634 1493 nenda3
677 1428 845 1480 immo
871 1427 1032 1480 etiam
1057 1447 1154 1498 per
1179 1428 1510 1481 delacionem
1536 1437 1591 1481 et
1614 1429 1967 1498 prefixionem
1997 1428 2159 1497 partis
2186 1427 2426 1489 adverse,

428 1533 590 1584 super
615 1513 808 1583 quibus
836 1513 1139 1566 exibebitur
1162 1514 1218 1565 in
1240 1514 1385 1566 curia
1423 1513 1491 1565 ab
1530 1514 1650 1583 ipsa
1692 1522 1844 1583 parte
1885 1515 2109 1566 adversa
2144 1511 2424 1582 puplicum

424 1601 846 1652 instrumentum
889 1619 1053 1651 manu
1078 1599 1277 1669 puplici
1319 1599 1621 1652 tabellionis
1649 1601 1973 1652 confectum.
2048 1599 2426 1652 Descendetur

424 1687 776 1757 postmodum
802 1685 869 1737 ad
895 1686 1245 1755 excepciones
1273 1686 1445 1755 sigillo
1472 1686 1712 1755 episcopi
1738 1686 1989 1755 signataS,
2032 1702 2195 1754 super
2228 1682 2426 1753 quibus

425 1771 605 1823 debite
631 1780 685 1823 et
709 1770 932 1840 provide
957 1771 1355 1841 prospiciantur
1380 1771 1680 1841 allegabiles
1707 1771 1964 1823 raciones.

496 1857 704 1908 Littera
743 1856 1040 1925 provisoria
1079 1866 1134 1910 et
1178 1875 1462 1927 processus
1503 1857 1686 1926 placiti
1728 1856 2021 1927 supradicti
2061 1873 2239 1908 coram
2280 1854 2422 1924 epis-

425 1961 561 2012 copo
589 1942 870 1994 Lincolnie
911 1950 967 1994 et
991 1943 1163 1994 forma
1188 1943 1571 2012 appellacionis
1612 1961 1792 1995 coram
1830 1941 2254 2012 archiepiscopo,
2278 1941 2422 1992 inse-

421 2037 613 2080 runtur
637 2028 791 2091 infra,
817 2027 947 2080 folio
975 2027 1314 2079 duodecimo,
1392 2027 1585 2080 Cetera
1622 2028 1804 2080 omnia
1836 2026 2139 2096 predictum
2164 2026 2421 2095 placitum

421 2112 717 2182 tangencia,
739 2131 862 2165 cum
878 2120 996 2164 toto
1016 2130 1273 2181 processu
1292 2112 1348 2163 in
1369 2112 1784 2178 curiaRomana‚
1812 2113 2242 2165 transcribuntur
2257 2131 2423 2164 manu

420 2199 621 2270 puplici
647 2198 953 2251 tabellionis
972 2198 1029 2250 in
1056 2198 1290 2267 quodam
1330 2217 1524 2268 magno
1549 2199 1728 2251 rotulo
1755 2198 1846 2268 qui
1870 2198 2069 2251 residet
2093 2198 2150 2250 in
2177 2198 2423 2251 custodia

421 2284 756 2337 thesaurarii.

493 2371 634 2422 Item
665 2370 780 2422 ‘hoc
806 2388 967 2434 anno,
1010 2369 1260 2421 videlicet
1309 2389 1451 2422 anno
1498 2370 1724 2422 Domini
1770 2370 2098 2422 M⁰cc⁰lxxx⁰.
2134 2369 2329 2438 primO,
2367 2377 2424 2421 et

422 2456 572 2525 regni
596 2455 735 2524 regis
761 2455 1014 2507 Edwardi
1041 2455 1268 2519 decimO,
1290 2457 1504 2524 querela
1529 2465 1715 2508 exorta
1741 2465 1824 2508 est
1849 2474 2027 2508 coram
2054 2456 2173 2524 ipso
2201 2456 2422 2508 domino

422 2560 544 2611 rege
571 2541 637 2592 de
676 2559 830 2591 muro
865 2541 1011 2608 parci
1051 2543 1135 2591 sui
1161 2541 1556 2593 Norhamtonie
1587 2543 1774 2604 fracto,
1812 2549 1867 2592 et
1894 2548 2207 2609 suggestum
2233 2540 2338 2592 fuit
2375 2542 2423 2592 ei

426 2627 571 2696 quod
611 2644 708 2695 pro
745 2626 957 2677 defectu
1000 2626 1356 2695 reparacionis
1398 2627 1643 2678 exierunt
1668 2627 1955 2695 plusquam
1983 2626 2212 2677 ducente
2251 2625 2424 2677 bestie

426 2731 591 2782 parvo
630 2721 888 2780 tempore.
980 2712 1142 2764 Unde
1177 2713 1417 2781 precepit
1461 2712 1701 2763 districte
1752 2712 1896 2780 quod
1940 2718 2089 2762 totus
2135 2711 2422 2763 comitatus

427 2798 831 2866 distringeretur
869 2797 937 2848 ad
962 2815 1178 2848 murum
1217 2797 1518 2866 predictum
1552 2797 1925 2866 reparandum.
2000 2797 2076 2848 Et
2102 2795 2225 2864 quia
2251 2796 2423 2848 domi-

426 2902 528 2935 nus
554 2901 647 2936 rex
684 2881 949 2934 intellexit
973 2900 1070 2951 per
1101 2882 1362 2951 quosdam
1409 2882 1555 2950 quod
1580 2889 1759 2934 totum
1799 2882 1945 2951 quod
1984 2881 2244 2933 remansit
2285 2882 2421 2934 frac-

425 2977 541 3021 tum
569 2976 624 3019 et
648 2968 907 3019 infectum
935 2967 1214 3036 spectabat
1239 2967 1307 3018 ad
1332 2968 1573 3019 Nassum
1601 2967 1769 3036 Burgi
1793 2966 2169 3036 reparandum,
2205 2973 2422 3020 ostensa

425 3062 510 3108 est
533 3054 583 3106 ei
619 3061 779 3118 carta,
806 3071 909 3123 que
931 3054 1231 3123 specialiter
1256 3053 1382 3105 fecit
1419 3053 1758 3105 mencionem
1795 3051 1861 3104 de
1886 3051 2187 3121 aquitancia
2211 3070 2422 3121 repara-

426 3139 596 3192 cionis
646 3156 939 3203 murorum,
999 3139 1405 3203 clausturarurn‚
1468 3139 1736 3208 pontium,
1786 3146 1842 3191 et
1896 3138 2226 3207 hujusmodi,
2276 3141 2422 3192 unde

428 3225 595 3278 exivit
617 3224 779 3277 breve
798 3223 1100 3276 vicecomiti
1141 3224 1196 3276 N
1200 3223 1536 3277 orhamtonie
1563 3223 1664 3275 sub
1689 3223 1790 3276 hac
1815 3223 1988 3274 forma
2008 3242 2097 3273 :—

499 3311 618 3367 Rex
636 3309 938 3363 vicecomiti
954 3308 1346 3361 Norhamtonie
1375 3308 1617 3360 salutem.
1658 3307 1990 3360 Monstravit
2009 3307 2166 3360 nobis
2194 3309 2420 3363 dilectus

426 3396 583 3453 nobis
622 3395 679 3451 in
707 3395 928 3448 Christo
955 3393 1120 3447 abbas
1157 3394 1222 3449 de
1250 3394 1431 3463 Burgo
1474 3393 1644 3447 sancti
1673 3393 1817 3449 Petri
1863 3393 2007 3462 quod
2049 3413 2171 3446 cum
2210 3395 2326 3465 ipse
2366 3407 2420 3449 et
