2774 3952
475 468 577 527 170
1303 478 1640 512 APPENDIX.

521 607 773 646 Ansketillus
791 607 841 645 de
860 606 1031 645 Suttona
1052 605 1125 644 .iii.
1146 606 1261 643 hidas
1288 604 1331 642 in
1360 604 1685 651 Hamtonascira‚
1719 607 1759 641 et
1777 602 1896 641 servit
1914 613 1955 641 se
1968 602 2098 640 altero
2115 601 2256 650 milite,
2274 605 2314 639 et
2332 600 2480 639 clamat

467 676 721 714 excambium
741 688 793 715 .c.
815 680 855 714 et
877 675 948 714 .xl.
969 675 1124 714 acrasst*

524 843 550 872 *
579 847 630 883 In
648 847 718 884 the
735 847 890 896 margin
909 859 976 884 are
995 847 1095 884 lines
1114 847 1252 884 drawn
1283 848 1525 897 connecting
1552 847 1621 885 the
1645 847 1730 884 first
1762 846 1843 883 and
1869 845 1979 883 third
1998 843 2144 881 entries
2161 855 2228 881 :——-
2240 841 2346 879 Over
2364 842 2390 863 ‘⁴
2410 841 2479 878 Ri-

469 914 614 951 cardus
629 914 854 963 Enganie‚''
873 915 898 934 ‘⁶
915 914 995 951 Iste
1014 914 1092 951 fuit
1108 915 1214 951 filius
1230 914 1336 962 viel,
1351 920 1390 953 et
1408 920 1520 964 pater
1539 914 1714 963 Ricardi,
1734 915 1805 963 qui
1823 914 1942 951 modo
1961 917 2019 951 est
2036 914 2075 960 ;''
2092 912 2174 949 and
2189 912 2231 948 in
2245 911 2314 948 the
2325 908 2482 959 margin

469 982 496 1002 “
511 981 736 1031 Engaine,''
753 982 796 1018 in
815 981 999 1019 different
1013 982 1100 1028 ink,
1117 983 1199 1019 and
1219 983 1262 1020 of
1278 983 1378 1020 later
1396 983 1587 1020 insertion
1604 997 1614 1029 ;
1631 983 1713 1019 and
1732 983 1800 1020 the
1819 993 1926 1019 same
1936 980 2114 1018 remarks
2131 979 2250 1028 apply
2262 982 2304 1015 to
2322 977 2391 1015 the
2410 976 2484 1013 fol-

470 1047 620 1097 lowing
638 1048 783 1085 entries
800 1048 974 1086 z—Over
987 1051 1013 1069 “
1029 1048 1118 1086 Viel
1135 1050 1317 1099 Enganie
1332 1062 1382 1087 en
1397 1050 1544 1099 Torp,''
1565 1051 1589 1070 “
1601 1050 1682 1087 Iste
1701 1049 1778 1087 fuit
1795 1062 1892 1086 avus
1907 1048 2069 1086 Ricardi
2084 1047 2265 1096 Engaine
2280 1045 2350 1094 qui
2364 1044 2484 1082 modo

471 1116 575 1153 est.''
628 1115 681 1152 In
699 1116 768 1152 the
786 1116 956 1165 margin,
983 1118 1008 1137 ‘⁴
1024 1117 1075 1153 In
1095 1117 1324 1166 Haregrave
1343 1118 1439 1155 etin
1453 1118 1666 1156 Pichtesle.
1724 1118 1844 1155 Pater
1862 1116 2052 1154 Fulconis
2071 1116 2120 1152 de
2141 1114 2345 1151 Lisures.''
2398 1112 2484 1149 The

472 1195 579 1220 same
598 1184 743 1231 writer,
762 1196 801 1232 p.
823 1182 889 1231 61,
908 1184 1039 1221 under
1057 1186 1082 1204 ‘⁴
1097 1185 1159 1222 De
1179 1185 1417 1235 Engayne‚'’
1435 1187 1519 1233 has,
1552 1188 1577 1207 “
1591 1186 1734 1223 Vitalis
1748 1186 1824 1223 fuit
1842 1190 1954 1235 pater
1974 1184 2164 1222 Fulconis
2183 1183 2233 1219 de
2248 1173 2425 1227 'Lisures‚
2444 1183 2484 1217 et

474 1251 636 1288 Ricardi
656 1251 861 1301 Engayne,
881 1252 952 1300 qui
968 1253 1110 1302 genuit
1137 1254 1361 1291 seeundum
1382 1254 1610 1292 Ricardum.
1668 1254 1811 1291 Vitalis
1831 1254 2023 1303 Engayne
2040 1256 2150 1290 tenet
2168 1251 2210 1287 in
2230 1250 2387 1298 Thorpe
2405 1252 2486 1285 tres

472 1320 656 1370 virgatas,
676 1325 715 1358 et
732 1321 776 1357 in
796 1321 1025 1370 Haregrave
1045 1321 1252 1358 dimidiam
1279 1322 1431 1370 hidam,
1459 1327 1499 1360 et
1527 1323 1570 1359 in
1596 1322 1813 1371 Pyteteslee
1839 1322 1977 1359 hidam
2005 1326 2044 1359 et
2063 1320 2285 1366 dimidiam,
2305 1322 2344 1355 et
2362 1329 2485 1355 unam

473 1389 680 1438 virgatam,
695 1393 735 1427 et
754 1389 849 1427 facit
862 1394 943 1427 tres
962 1395 1095 1439 partes
1113 1391 1263 1428 servitii
1282 1391 1403 1428 unius
1421 1391 1571 1438 militis,
1590 1372 1815 1429 secundum
1833 1391 2029 1428 rationem
2056 1390 2177 1427 unius
2195 1387 2333 1425 militis
2356 1391 2487 1425 totum

474 1458 691 1497 servitium.
747 1458 798 1495 In
830 1459 899 1496 the
931 1459 1101 1508 margin,
1131 1460 1308 1508 opposite
1341 1461 1366 1480 “
1379 1460 1573 1510 Rogerius
1601 1460 1786 1507 Infans,''
1816 1461 1843 1480 “
1862 1459 2052 1508 Torpel.''
2106 1457 2190 1494 The
2218 1467 2337 1503 same,
2356 1468 2395 1504 p.
2412 1452 2485 1502 54,

475 1527 500 1546 “
515 1526 669 1575 Torpel.
699 1525 858 1565 Primus
878 1527 1057 1576 Rogerus
1071 1528 1214 1566 infans.
1245 1529 1424 1578 Rogerus
1435 1530 1485 1566 de
1503 1529 1647 1578 Torpel
1658 1533 1768 1566 tenet
1778 1529 1821 1565 in
1837 1526 2254 1577 Northamptonescire
2274 1523 2487 1562 duodecim

476 1593 601 1641 hydas
629 1598 758 1640 terrae,
783 1594 934 1631 scilicet
963 1594 1007 1630 in
1040 1594 1197 1643 Torpel,
1228 1595 1451 1644 Makeseye‚
1486 1596 1665 1643 Ufforde,
1686 1596 1910 1643 Pilketone,
1939 1594 2194 1644 Clapethorn,
2215 1591 2488 1637 Cotherstoke,

477 1660 750 1707 Northburch‚
768 1661 971 1708 Leaulme,
992 1662 1244 1711 Badingtone
1264 1667 1303 1700 et
1315 1663 1463 1700 Estone
1482 1667 1521 1700 et
1539 1663 1788 1712 pertinentiis
1806 1663 1900 1709 suis,
1918 1667 1957 1699 et
1976 1662 2070 1698 inde
2088 1661 2182 1698 facit
2199 1660 2408 1698 servicium
2420 1671 2490 1696 sex

478 1728 696 1766 militum.”
724 1728 830 1765 Over
843 1728 1067 1775 Gosfridus‚
1084 1730 1108 1749 “
1121 1728 1328 1766 Galfridus
1346 1731 1385 1776 ;''
1403 1730 1442 1765 in
1458 1730 1627 1779 margin,
1641 1731 1666 1750 ‘⁶
1683 1730 1966 1778 Gunethorp.''
1986 1731 2010 1749 “
2024 1729 2194 1766 Thomas
2206 1728 2311 1764 filius
2324 1725 2489 1763 Roberti

477 1796 529 1833 de
550 1795 788 1844 Gunthorpe
814 1799 924 1833 tenet
943 1800 1032 1833 octo
1050 1796 1174 1845 hydas
1192 1802 1307 1833 terrae
1327 1796 1370 1832 in
1390 1796 1766 1842 Norhamtonscire3
1793 1796 1944 1834 scilicet
1962 1795 2005 1832 in
2027 1794 2254 1843 Gunthorp,
2274 1793 2488 1842 Suthorpe,

478 1863 615 1910 Stoke,
628 1864 930 1911 Hemmintone,
942 1869 982 1902 et
996 1865 1092 1901 inde
1107 1865 1202 1902 facit
1211 1865 1417 1902 servitium
1436 1865 1559 1902 trium
1571 1865 1744 1902 militum
1756 1865 1940 1914 plenus.”
1979 1864 2030 1901 In
2049 1864 2116 1901 the
2127 1863 2297 1912 margin,
2312 1862 2489 1911 opposite

477 1931 546 1968 the
564 1931 654 1969 fifth
673 1936 799 1981 entry,
819 1933 844 1952 “
857 1932 961 1981 Torp
981 1937 1020 1970 et
1040 1932 1270 1971 Marham.’'
1308 1934 1334 1953 “
1350 1933 1546 1970 Marham.
1604 1933 1763 1970 Primus
1784 1933 1992 1970 Ascelinus
2021 1932 2071 1969 de
2091 1931 2321 1968 Watervile.
2371 1930 2490 1979 Regi-

478 1999 621 2037 naldus
640 2000 690 2037 de
710 2000 941 2038 Waterville
958 2004 1068 2038 tenet
1081 2001 1294 2038 tresdecim
1311 2001 1426 2038 hidas
1444 2005 1559 2038 terrae
1575 2005 1614 2038 et
1634 2001 1733 2037 duas
1751 2005 1883 2049 partes
1901 2000 2021 2037 unius
2040 1999 2202 2048 virgatae
2223 1999 2265 2035 in
2291 1998 2488 2034 Norham-

478 2068 661 2115 tonscire‚
677 2069 828 2107 scilicet
840 2069 882 2106 in
897 2069 1029 2118 Thorp
1051 2066 1336 2121 (Waterville),
1352 2069 1609 2116 Asechirche,
1625 2069 1821 2116 Marham,
1841 2069 2048 2117 Cloptone,
2063 2068 2324 2113 Tichemerse,
2339 2071 2379 2103 et
2397 2066 2493 2102 inde

479 2134 574 2172 facit
592 2135 795 2172 servitium
813 2136 937 2173 trium
955 2136 1144 2174 militum.
1188 2136 1241 2173 Et
1259 2140 1439 2186 preterea
1457 2140 1567 2173 tenet
1586 2148 1709 2173 unam
1727 2136 1866 2173 hidam
1880 2139 1919 2172 et
1933 2147 2056 2172 unam
2068 2135 2260 2184 virgatam
2273 2138 2403 2179 terrae,
2419 2144 2492 2182 pro

481 2203 618 2240 decem
630 2203 773 2241 solidos
787 2216 858 2252 per
875 2202 1042 2251 annum,
1059 2216 1158 2253 quos
1169 2204 1303 2241 reddit
1320 2205 1372 2241 ad
1390 2204 1514 2242 altare
1532 2205 1659 2242 sancti
1674 2204 1783 2242 Petri
1798 2204 1863 2241 die
1876 2204 2004 2241 sancti
2016 2203 2235 2249 Michaelis,
2246 2214 2318 2251 per
2331 2205 2493 2239 cartam.

481 2270 546 2307 On
565 2272 633 2309 the
651 2276 748 2310 next
766 2284 867 2322 page
884 2284 951 2309 are
970 2272 1181 2310 insertions
1198 2273 1241 2309 in
1259 2273 1328 2310 the
1346 2273 1517 2322 margin,
1545 2273 1723 2322 opposite
1741 2277 1783 2310 to
1812 2273 1908 2310 each
1937 2277 2065 2321 entry,
2084 2284 2127 2309 as
2153 2271 2304 2308 follows
2321 2271 2415 2308 :—“
2431 2270 2493 2307 De

483 2339 671 2388 Burgele.
728 2341 789 2378 De
807 2341 834 2378 J
837 2341 994 2378 ohanne
1013 2341 1064 2378 de
1083 2341 1229 2379 Dovre.
1288 2341 1350 2378 De
1368 2341 1408 2378 la
1427 2341 1552 2389 Mare,
1568 2342 1617 2379 de
1637 2341 1827 2388 Makesei‚
1850 2345 1889 2379 et
1908 2341 2086 2378 Turlebi.
2143 2339 2388 2377 Suthtona.”
2443 2337 2495 2374 In

483 2407 706 2456 Domesday
722 2409 816 2446 :-—“
829 2409 1120 2456 Northantone,
1143 2408 1371 2446 Willelmus
1399 2410 1568 2459 Inganie
1600 2410 1643 2448 .i.
1678 2410 1843 2447 domum
1873 2410 1923 2447 de
1954 2409 2126 2446 Roberto
2156 2408 2207 2445 de
2237 2407 2349 2454 Boci,
2369 2410 2408 2444 et
2437 2406 2495 2442 nil

480 2476 627 2514 reddit.
685 2476 880 2514 Ricardus
910 2477 1079 2527 Inganie
1111 2477 1198 2515 .iiii.
1234 2478 1377 2515 domus
1405 2478 1455 2515 de
1484 2478 1570 2516 .iiii.
1603 2478 1786 2516 solidis.”
1841 2477 1984 2515 Under
2008 2479 2033 2497 “
2049 2477 2171 2514 Terra
2197 2476 2359 2513 Ricardi
2372 2476 2397 2493 '⁹
2427 2486 2495 2512 are

484 2544 647 2580 entered
665 2548 744 2582 two
771 2545 885 2582 hides
912 2545 955 2581 in
984 2545 1222 2583 Stabintona
1253 2545 1522 2597 (Sibberton)‚
1550 2547 1663 2584 three
1690 2547 1807 2584 roods
1835 2547 1877 2583 in
1912 2545 2106 2583 Benefeld
2127 2544 2386 2594 (Benefield),
2405 2543 2496 2580 four

483 2608 597 2646 hides
615 2610 657 2645 in
677 2610 881 2647 Abintone
903 2609 1167 2661 (Abington),
1196 2613 1277 2649 and
1306 2625 1382 2650 one
1409 2614 1507 2650 rood
1537 2613 1579 2650 in
1609 2613 1897 2650 Chercheberie
1918 2612 2239 2662 (Ohurchfield);
2266 2612 2346 2648 and
2366 2611 2497 2647 under

485 2674 646 2712 “Terra
665 2674 891 2726 Willelmi”
909 2680 989 2713 two
1016 2676 1130 2715 hides
1157 2677 1199 2713 in
1229 2678 1413 2725 Piteslea,
1439 2679 1605 2728 adding,
1625 2679 1784 2716 “These
1810 2680 1926 2717 lands
1945 2680 1988 2717 of
2013 2679 2187 2716 Richard
2215 2679 2296 2715 and
2317 2677 2496 2714 William

485 2755 590 2782 were
619 2742 714 2780 held
739 2745 791 2792 by
823 2743 959 2781 Alwin
983 2744 1052 2781 the
1082 2744 1314 2792 huntsman,
1335 2746 1378 2782 in
1397 2746 1465 2783 the
1484 2747 1580 2784 time
1600 2746 1643 2784 of
1667 2748 1778 2796 King
1807 2748 2028 2785 Edward.''
2082 2748 2166 2784 The
2189 2759 2296 2784 same
2315 2745 2495 2782 William

485 2812 566 2849 had
586 2812 611 2832 “
624 2823 700 2849 one
717 2811 812 2848 hide
829 2812 910 2848 and
929 2824 954 2848 a
971 2811 1059 2848 half
1074 2811 1116 2848 in
1137 2812 1306 2849 Lastone
1323 2810 1535 2864 (Laxton)‚
1550 2813 1682 2851 which
1702 2814 1849 2851 Turulf
1858 2815 1938 2851 had
1951 2815 2094 2852 held.''
2133 2813 2307 2851 Richard
2327 2813 2495 2862 Inganie

486 2881 582 2918 held
602 2884 680 2918 two
699 2880 813 2917 hides
830 2881 911 2917 and
930 2892 955 2917 a
971 2880 1060 2917 half
1085 2880 1128 2916 in
1148 2879 1305 2918 Senelai
1327 2878 1553 2932 (Shenley),
1573 2881 1615 2918 in
1636 2881 2023 2931 Buckinghamshire
2042 2896 2052 2928 ;
2079 2882 2159 2918 and
2176 2881 2355 2917 william
2376 2881 2494 2930 Inga-

488 2948 556 2985 nie
573 2947 664 2985 four
674 2948 788 2985 hides
797 2948 877 2984 and
896 2960 920 2985 a
938 2948 1025 2985 half
1035 2949 1078 2985 in
1094 2948 1296 2998 Redinges
1309 2946 1513 3000 (Ripton),
1532 2950 1575 2986 in
1591 2949 1979 2999 Huntingdonshire.
2037 2949 2121 2986 The
2139 2949 2242 2986 issue
2261 2949 2304 2986 of
2315 2949 2496 2986 William

488 3015 657 3065 Inganie
675 3027 778 3053 were
798 3020 877 3053 two
896 3029 1000 3063 sons,
1022 3016 1165 3054 Vitalis
1182 3017 1264 3054 and
1294 3017 1484 3055 Richard.
1541 3017 1626 3055 The
1655 3018 1775 3056 latter
1807 3030 1887 3056 was
1918 3017 2108 3055 deceased
2138 3017 2180 3053 in
2212 3017 2281 3054 the
2313 3017 2425 3066 reign
2456 3018 2501 3054 of

490 3082 631 3132 Henry
648 3084 717 3121 the
738 3083 857 3130 First,
876 3084 938 3122 for
955 3085 997 3121 in
1016 3085 1084 3122 the
1103 3085 1179 3122 roll
1198 3086 1343 3122 named
1362 3087 1486 3123 above
1514 3086 1641 3136 Hugh
1669 3087 1719 3124 de
1752 3086 1867 3124 Auco
1886 3086 1918 3123 is
1936 3098 1961 3122 a
1980 3086 2121 3122 debtor
2139 3085 2181 3121 in
2201 3085 2281 3122 300
2301 3085 2434 3122 marks
2455 3085 2500 3122 of

489 3149 608 3188 silver
633 3149 695 3187 for
721 3149 790 3187 the
815 3149 911 3187 land
935 3151 1016 3187 and
1035 3151 1103 3187 the
1131 3152 1328 3200 daughter
1360 3152 1404 3189 of
1434 3153 1609 3190 Richard
1643 3153 1828 3202 Ingaine,
1848 3153 1929 3190 and
1960 3153 2022 3189 his
2047 3152 2156 3189 office
2186 3151 2230 3188 of
2255 3152 2418 3190 forester
2454 3153 2497 3190 in

489 3217 528 3254 N
532 3217 905 3266 orthamptonshire.
965 3217 1108 3255 Vitalis
1127 3218 1295 3267 Inganie
1321 3219 1364 3255 in
1382 3219 1451 3256 the
1469 3231 1576 3256 same
1604 3224 1752 3268 county
1769 3220 1965 3257 rendered
1984 3222 2166 3267 accompt
2186 3220 2229 3256 of
2253 3221 2321 3258 the
2339 3221 2440 3257 ferm
2458 3221 2503 3258 of

489 3286 558 3323 the
578 3285 674 3322 land
692 3286 736 3323 of
762 3286 941 3324 William
961 3287 1010 3324 de
1031 3287 1205 3324 Lusoriis
1223 3287 1285 3324 for
1303 3288 1414 3325 three
1442 3292 1550 3337 parts
1578 3288 1622 3326 of
1644 3289 1713 3326 the
1741 3300 1844 3337 year.
1901 3289 1951 3325 In
1984 3289 2052 3326 the
2081 3294 2258 3338 treasury
2288 3288 2386 3328 lsci.
2416 3290 2497 3326 and

489 3353 541 3390 he
569 3353 601 3390 is
629 3354 731 3403 quit.
789 3354 885 3392 And
913 3354 981 3392 the
1007 3366 1114 3392 same
1142 3354 1284 3392 vitalis
1310 3355 1506 3394 rendered
1532 3361 1712 3405 accompt
1739 3356 1783 3393 of
1810 3355 1916 3394 1322'.
1941 3356 2024 3395 103.
2055 3357 2116 3395 for
2142 3358 2211 3395 the
2242 3361 2331 3395 rent
2360 3358 2404 3394 of
2429 3358 2498 3395 the

491 3421 623 3461 forest.
679 3422 729 3459 In
749 3422 818 3461 the
837 3427 1012 3472 treasury
1034 3422 1140 3462 1022'.
1161 3421 1243 3462 16³.
1262 3424 1342 3460 and
1362 3423 1405 3460 in
1424 3424 1552 3473 tythes
1563 3424 1707 3474 agreed
1722 3437 1831 3474 upon
1843 3423 1927 3464 243.
1943 3440 1954 3472 ς
1981 3426 2062 3463 and
2076 3426 2127 3463 he
2145 3437 2249 3463 owes
2267 3425 2352 3463 303.
2401 3426 2498 3463 And
