2774 3952
469 433 569 480 142
995 442 1353 480 cnaochN
1383 443 1930 480 Pffraonunonnsa.

463 570 690 641 predicti
711 570 873 640 Regis
902 570 1148 623 homines
1177 569 1386 625 abbatis
1415 571 1481 622 de
1505 569 1688 638 Burgo
1710 568 1883 621 sancti
1904 567 2049 625 Petri
2076 567 2142 620 de
2161 566 2465 620 Alwoltona

463 664 518 708 et
545 657 796 708 Flettona
833 663 1102 710 venerunt
1144 656 1213 708 ad
1256 655 1436 709 visum
1477 654 1649 706 franci
1686 652 1849 723 plegii
1892 652 2120 722 predicti
2162 651 2371 704 abbatis
2398 652 2465 703 de

463 742 662 794 Tornei
701 742 769 795 ad
813 742 1205 812 presentandas
1249 740 1692 811 presentaciones
1731 757 1837 809 que
1861 738 1918 790 in
1944 744 2107 790 turno
2133 736 2464 790 vicecomitis

465 826 666 880 debent
707 827 1005 897 presentari
1031 846 1127 894 per
1152 826 1627 880 conservacionem
1654 825 1843 895 patrie,
1887 830 1943 876 et
1985 840 2204 875 neeesse
2229 840 2340 873 non
2365 822 2469 874 fuit

465 913 611 982 quod
666 914 884 966 libertas
934 912 1165 982 predicti
1216 911 1428 965 abbatis
1471 912 1537 964 de
1581 909 1782 964 Tornei
1841 926 1940 978 per
1989 914 2192 960 cartam
2240 905 2468 975 predicti

463 997 723 1050 Willelmi
750 998 912 1067 Regis
937 998 1241 1067 Anglorum
1275 1015 1531 1051 concessa
1556 1014 1653 1067 per
1677 994 2036 1066 posteriorem
2061 991 2468 1046 concessionem

463 1083 625 1152 Regis
650 1082 1033 1147 infirmaretur3
1072 1082 1472 1135 consideratum
1491 1090 1575 1135 est
1594 1083 1742 1153 quod
1767 1081 2020 1135 dominus
2047 1081 2166 1132 Rex
2189 1081 2470 1149 recuperet

463 1168 713 1222 seisinam
742 1187 895 1220 suam
921 1168 988 1220 de
1014 1167 1259 1237 predicto
1284 1168 1571 1221 hundredo
1598 1185 1795 1221 corone
1822 1185 1919 1220 sue
1945 1183 2157 1219 annexo
2188 1171 2252 1218 et‘
2269 1182 2468 1218 arrera-

459 1253 546 1322 gia
565 1271 679 1317 sua,
696 1270 800 1322 que
819 1259 950 1304 sunt
967 1251 1116 1304 iiiixx.
1135 1252 1208 1305 xi.
1228 1251 1381 1318 libre,
1402 1259 1458 1305 et
1476 1252 1664 1305 Abbas
1680 1252 1737 1304 in
1757 1251 2139 1305 misericordia.
2178 1250 2255 1303 Et
2275 1267 2382 1320 quo
2397 1250 2469 1302 ad

459 1339 734 1392 residuum
761 1338 919 1391 datus
955 1346 1039 1391 est
1078 1337 1128 1391 ei
1153 1337 1268 1391 dies
1303 1345 1407 1391 etc.
1482 1339 1559 1392 Et
1583 1346 1776 1408 postea
1801 1357 1832 1391 a
1857 1337 1944 1391 die
1982 1337 2155 1390 sancti
2181 1335 2468 1389 Michaelis

459 1425 516 1478 in
539 1443 712 1478 unum
737 1443 1000 1491 mensem,
1040 1442 1184 1478 anno
1224 1443 1313 1477 xv.
1361 1443 1522 1495 quem
1563 1425 1707 1479 diem
1751 1424 1944 1478 habuit
1984 1442 2082 1494 per
2124 1441 2470 1477 communem

458 1510 962 1581 proclamacionem,
986 1510 1137 1565 venit
1161 1511 1441 1581 predictus
1482 1512 1649 1565 abbas
1694 1530 1791 1582 per
1830 1514 2166 1565 attornatum
2207 1528 2387 1576 suum,
2412 1516 2468 1563 et

460 1597 619 1649 datus
647 1604 732 1649 est
756 1596 806 1649 ei
831 1595 947 1648 dies
973 1615 1004 1648 a
1031 1597 1239 1649 Pascha
1263 1596 1320 1649 in
1346 1597 1654 1666 quindecim
1684 1597 1815 1650 dies.

522 1681 559 1734 J
561 1688 777 1734 uratum
795 1679 1129 1735 vicecomitis
1149 1682 1543 1735 Huntendonie
1561 1690 1616 1736 et
1633 1682 1996 1753 Cantabrigie,
2004 1681 2302 1735 secundum
2321 1681 2468 1751 quod

458 1762 734 1817 invenitur
758 1763 815 1816 in
840 1765 1019 1817 rotulo
1039 1764 1107 1816 ad
1129 1764 1484 1829 scaccarium,
1501 1782 1644 1817 anno
1670 1765 1820 1835 regni
1837 1766 2000 1835 Regis
2021 1766 2237 1820 Ricardi
2258 1766 2465 1836 quinto.

535 1849 799 1901 Ricardus
825 1849 1086 1919 Anglicus
1111 1849 1411 1903 vicecomes
1440 1850 1832 1904 Huntendonie
1858 1860 1914 1905 et
1936 1851 2280 1921 Cantabrigie
2306 1851 2468 1906 debet

460 1952 549 1987 xx.
578 1934 779 1986 solidos
805 1934 1028 1988 blancos
1055 1936 1123 1987 de
1149 1935 1320 1989 veteri
1344 1936 1501 1988 firma
1520 1937 1586 1989 de
1609 1936 1955 2007 Cantabrigia
1970 1945 2026 1990 et
2053 1938 2466 2003 Huntendonia,

459 2019 552 2089 qui
576 2027 856 2073 remanent
882 2038 1046 2090 super
1070 2020 1462 2090 aquietanciam
1501 2021 1709 2074 domini
1733 2022 1944 2074 abbatis
1983 2023 2049 2076 de
2077 2024 2279 2092 BurgO,
2305 2041 2467 2093 quam

458 2105 622 2160 habet
644 2123 743 2175 per
768 2113 971 2159 cartam
998 2106 1179 2176 Regis,
1200 2106 1257 2158 in
1284 2107 1652 2160 Normancros
1677 2107 1979 2160 hundredo,

93 2191 190 2240 (fol-
211 2192 331 2230 cxxvi.
360 2194 435 2243 Ν)
538 2191 562 2244 l
576 2190 738 2243 Anno
765 2191 993 2243 Domini
1021 2192 1236 2244 M⁰.cc⁰.
1264 2191 1594 2261 octogesimo
1622 2191 1872 2261 septimO.

94 2289 352 2339 Homagium.
538 2276 662 2329 Hoc
689 2295 852 2341 anno,
894 2315 907 2329 .
984 2315 996 2329 .
1074 2315 1087 2329 .
1166 2317 1178 2329 .
1218 2276 1354 2330 obiit
1390 2276 1646 2330 dominus
1691 2275 2023 2346 Reginaldus
2062 2277 2128 2329 de
2154 2276 2468 2342 Watervile,

464 2369 520 2415 et
535 2362 781 2430 sepultus
807 2370 892 2416 est
917 2363 973 2414 in
1001 2363 1224 2416 ecclesia
1241 2362 1426 2432 Burgi.
1466 2363 1600 2415 Post
1620 2363 1775 2431 cujus
1796 2363 2099 2427 decessum,
2117 2362 2304 2415 relicta
2326 2363 2469 2432 ejus-

466 2448 590 2500 dem
616 2447 822 2501 domini
849 2448 1134 2519 Reginaldi
1157 2449 1376 2501 feoffata
1400 2448 1505 2500 fuit
1530 2448 1598 2500 de
1625 2447 1866 2500 manerio
1893 2448 1960 2500 de
1988 2448 2240 2500 Marham
2267 2466 2373 2517 quo
2400 2448 2468 2501 ad

467 2531 654 2596 vitam,
685 2539 741 2584 et
779 2533 866 2586 die
904 2533 1075 2586 sancti
1108 2533 1374 2602 Stephani
1398 2533 1526 2586 fecit
1551 2533 1870 2586 fidelitatem
1897 2533 2121 2586 domino
2148 2533 2331 2586 abbati
2369 2546 2467 2603 pro

467 2616 613 2669 dicto
640 2617 897 2669 manerio.
972 2618 1049 2669 Et
1074 2618 1265 2670 eodem
1293 2617 1379 2670 die
1406 2618 1681 2691 Robertus
1709 2619 1776 2670 de
1800 2619 1931 2684 Ver,
1954 2619 2100 2671 filius
2127 2619 2237 2672 filie
2263 2619 2468 2672 domini

465 2700 781 2770 Reginaldi,
809 2701 939 2754 fecit
971 2701 1286 2770 homagium
1325 2702 1547 2755 domino
1580 2702 1764 2756 abbati
1789 2721 1889 2772 pro
1916 2705 2109 2756 eodem
2133 2703 2374 2756 manerio
2401 2704 2468 2755 de

466 2786 735 2838 Marham.
1354 2797 1357 2799 “

538 2870 662 2922 Hoc
697 2887 841 2921 anno
868 2868 1121 2922 dominus
1150 2869 1436 2923 Umfridus
1464 2870 1531 2923 de
1557 2871 1964 2940 Bassingburne
1992 2871 2122 2924 fecit
2157 2871 2468 2941 homagium

464 2954 688 3009 domino
713 2955 946 3008 Ricardo
972 2954 1156 3008 abbati
1180 2974 1281 3025 pro
1309 2964 1624 3009 tenemento
1651 2957 1798 3027 quod
1824 2957 1890 3010 de
1917 2957 2038 3026 ipso
2064 2964 2232 3010 tenet.

89 3054 187 3105 (fol.
207 3055 350 3095 cxmaeii.
371 3054 444 3108 νο.)

88 3111 222 3149 blank.

88 3177 442 3230 (f01.cxxm·i.v0‚)
537 3126 736 3191 [Anno
763 3125 990 3179 Domini
1017 3126 1294 3179 Milesimo
1331 3127 1705 3181 ducentesimo
1740 3129 2073 3198 octogesimo
2110 3137 2320 3182 octavo·
2394 3129 2470 3182 Et

465 3229 607 3264 anno
633 3211 840 3264 domini
867 3212 1083 3264 Ricardi
1112 3211 1178 3264 de
1205 3212 1509 3266 Londoniis
1536 3211 1748 3265 abbatis
1776 3213 1943 3282 Burgi
2003 3253 2467 3268 ......

469 3295 540 3363 [et
564 3314 699 3349 anno
723 3299 873 3365 requi
900 3296 1064 3364 Reyis
1088 3297 1349 3349 Edwardz‘
1377 3298 1549 3349 Primi
1574 3297 1734 3365 oeviO.]

93 3395 349 3444 Homagium.
538 3383 959 3457 Memorandum
1000 3383 1147 3451 quod
1197 3400 1321 3436 cum
1361 3383 1614 3436 dominus
1655 3383 1915 3437 Ricardus
1956 3386 2120 3439 abbas
2148 3385 2414 3453 exegisset
2439 3405 2470 3437 a
