2774 3952
125 1625 224 1675 (soz.
246 1628 298 1667 ei.
321 1628 402 1679 φο.)

1017 450 1373 486 CHRONICON
1417 449 1958 486 PETRoBURGENsm.
2415 435 2508 497 79,

489 577 555 629 de
580 575 893 646 Affordeby,
920 584 975 629 et
1021 576 1162 645 [per]
1197 576 1358 630 breve
1403 575 1768 645 subscriptum
1808 574 2110 627 institutus·
2186 572 2484 626 Edwardus

489 661 595 714 Dei
618 661 786 730 gratia
811 669 912 713 etc.
950 662 1244 715 venerabili
1285 663 1424 732 patri
1463 662 1519 714 in
1563 661 1782 714 Christo
1823 659 2044 712 Olivero
2089 658 2275 711 eadem
2318 660 2487 728 gratia

489 747 770 799 Lincolnie
797 747 1051 817 episcopo
1080 749 1326 801 salutem.
1403 747 1594 800 Sciatis
1621 746 1767 815 quod
1793 744 1959 797 abbas
1999 745 2065 796 de
2113 745 2288 813 Burgo
2317 745 2487 796 sancti

490 834 634 885 Petri
660 834 715 884 in
742 835 886 886 curia
910 842 1096 886 nostra
1137 852 1317 886 coram
1355 833 1667 904 justiciariis
1711 832 1913 883 nostris
1939 831 2085 900 apud
2110 831 2487 883 Westmonas-

487 919 684 971 terium
744 937 841 988 per
890 919 1382 972 consideracionem
1426 919 1669 987 ejusdem
1722 917 1865 970 curie
1906 924 2091 969 nostre
2152 917 2489 986 recuperavit

487 1005 950 1074 presentacionem
992 1023 1145 1056 suam
1184 1006 1250 1056 ad
1278 1004 1555 1057 ecclesiam
1595 1003 1662 1056 de
1707 1002 2026 1055 Pokebroke
2066 1021 2254 1054 versus
2298 1002 2489 1070 Hugo-

488 1108 612 1142 nem
634 1091 699 1143 de
727 1090 1019 1143 Charneles
1047 1099 1102 1142 et
1128 1090 1410 1142 Mabiliam
1427 1107 1652 1141 uxorem
1680 1089 1814 1158 erS,
1842 1095 1897 1139 et
1925 1087 2218 1156 Hugonem
2237 1088 2303 1140 de
2333 1089 2487 1140 Mus-

487 1195 646 1244 grave
672 1184 727 1229 et
752 1176 1038 1228 Matildem
1063 1194 1294 1229 uxorem
1320 1177 1456 1246 ejus·
1531 1175 1608 1227 Et
1637 1174 1758 1226 ideo
1798 1172 1954 1225 vobis
1981 1173 2300 1224 mandamus
2342 1174 2487 1242 quod

487 1280 599 1314 non
615 1261 863 1314 obstante
883 1262 1266 1337 reclamacione
1286 1262 1651 1332 predictorum
1669 1259 1941 1329 HugoniS,
1954 1258 2196 1323 Mabilie,
2216 1259 2487 1328 Hugonis,

489 1355 544 1399 et
559 1347 822 1408 Matildis‚
838 1348 904 1399 ad
931 1348 1396 1417 presentacionem
1415 1348 1544 1400 dicti
1563 1347 1771 1399 abbatis
1798 1346 1866 1397 ad
1891 1345 2186 1414 predictam
2207 1345 2486 1397 ecclesiam

487 1432 734 1485 idoneam
762 1451 1050 1503 personam
1091 1434 1408 1487 admittatis,
1481 1435 1643 1486 Teste
1685 1433 1897 1485 Thoma
1941 1432 2006 1483 de
2033 1432 2298 1484 Welande
2340 1431 2487 1500 apud

492 1516 1063 1584 westmonasterium,
1088 1520 1197 1572 xix.
1226 1521 1311 1572 die
1336 1520 1374 1573 J
1378 1519 1508 1585 unii,
1534 1536 1676 1570 anno
1703 1517 1854 1587 regni
1885 1517 2047 1586 Regis
2074 1517 2184 1569 xii0.

559 1608 583 1669 Ι
609 1604 874 1657 Placitum
891 1613 1079 1658 contra
1098 1606 1435 1658 Willelmum
1457 1604 1746 1673 Campiun,
1763 1604 1829 1655 de
1846 1602 2089 1654 Ecclesia
2110 1602 2176 1653 de
2196 1601 2484 1671 Cloptona.

561 1688 763 1758 Incipit
778 1708 1064 1758 processus
1081 1691 1265 1760 placiti
1290 1698 1478 1743 contra
1496 1689 1834 1742 Willelmum
1856 1686 2126 1756 Campiun
2155 1688 2220 1740 de
2242 1688 2487 1740 Ecclesia

486 1773 554 1825 de
582 1773 872 1843 Cloptona.
951 1775 1159 1828 Littera
1184 1775 1482 1846 provisoria
1507 1774 1629 1827 talis
1656 1782 1740 1826 est
1766 1794 1854 1825 :—

559 1860 832 1912 Martinus
859 1861 1145 1931 episcopus
1173 1881 1359 1914 servus
1403 1879 1679 1914 servorum
1706 1860 1830 1925 Dei,
1857 1858 2147 1912 venerabili
2172 1859 2321 1910 fratri
2346 1858 2488 1929 epis-

485 1962 623 2012 copo
649 1944 931 1997 Lincolnie
958 1946 1206 2010 salutem,
1232 1947 1309 1998 Et
1346 1946 1699 2016 apostolicam
1740 1944 2192 1996 benedictionem.
2269 1943 2487 1995 Consti-

486 2037 638 2082 tutus
664 2030 719 2081 in
739 2031 1017 2099 presencia
1040 2039 1226 2084 nostra
1251 2033 1480 2084 dilectus
1500 2031 1642 2082 filius
1662 2030 1970 2082 Willelmus
1997 2029 2174 2080 dictus
2203 2027 2487 2098 Campyun

486 2116 554 2168 de
582 2116 944 2186 Irtlingburgo
970 2136 1176 2187 pauper
1202 2118 1424 2170 clericus
1451 2125 1544 2168 tue
1584 2116 1813 2168 diocesis
1854 2114 2013 2166 nobis
2057 2114 2332 2166 humiliter
2358 2133 2487 2184 sup-

486 2201 721 2270 plicavit,
747 2209 801 2253 et
827 2220 950 2254 cum
991 2203 1127 2272 ipse,
1173 2203 1313 2255 sicut
1355 2202 1564 2266 asserit,
1603 2202 1815 2253 nullum
1860 2200 2280 2252 ecclesiasticum
2323 2200 2488 2253 bene-

486 2287 668 2339 ficium
696 2289 766 2340 sit
791 2289 1038 2358 adethS,
1064 2288 1334 2359 provideri
1361 2288 1463 2340 sibi
1499 2288 1565 2339 de
1591 2287 1921 2356 benignitate
1948 2286 2242 2355 apostolica
2268 2288 2488 2339 manda-

487 2389 685 2423 remus·
744 2371 886 2426 Quia
910 2373 1073 2441 igitur
1096 2373 1174 2424 illi
1201 2381 1330 2424 sunt
1354 2372 1422 2423 ad
1448 2371 1806 2424 ecclesiastica
1830 2370 2088 2422 beneficia
2113 2372 2488 2439 promovendi,

489 2457 684 2527 quibus
712 2477 886 2511 mores
912 2467 966 2511 et
1008 2458 1229 2511 scientia
1270 2459 1661 2526 suffragantur3
1703 2475 1826 2508 cum
1870 2456 2014 2508 idem
2059 2456 2300 2520 clericus,
2326 2475 2487 2525 quem

488 2561 585 2612 per
610 2543 833 2596 dilectos
866 2544 1024 2609 filios,
1054 2543 1390 2596 Willelmum
1431 2543 1498 2594 de
1523 2541 1759 2594 Villeriis
1804 2541 2040 2609 priorem
2083 2540 2149 2592 de
2190 2541 2486 2609 Bragmaco

487 2629 759 2681 Eduensis
805 2630 1052 2694 diocesiS,
1078 2629 1396 2699 magistrum
1437 2627 1791 2692 Bernardum,
1830 2627 2141 2679 Johannem
2168 2626 2487 2679 canonicum

486 2715 872 2785 Agathensem,
898 2735 958 2768 ac
983 2717 1203 2768 fratrem
1227 2716 1496 2767 Thomam
1541 2715 1607 2766 de
1647 2713 1904 2766 Fresneio
1946 2712 2150 2765 ordinis
2186 2713 2486 2777 Minorum,

486 2801 879 2854 examinatores
907 2820 1067 2871 super
1082 2803 1185 2854 hoc
1206 2802 1497 2871 deputatos
1523 2819 1555 2852 a
1575 2799 1751 2864 nobiS,
1778 2799 1844 2851 de
1869 2799 2171 2851 litteratura
2196 2798 2488 2850 examinari

485 2886 710 2938 fecimus
731 2887 1028 2956 diligenter,
1043 2887 1297 2940 inventus
1319 2887 1390 2938 sit
1407 2886 1464 2938 in
1483 2886 1572 2938 illa
1591 2885 1975 2938 convenienter
1989 2884 2216 2936 idoneus
2238 2885 2304 2936 ad
2322 2885 2488 2937 eccle-

487 2971 763 3024 siasticum
799 2972 1121 3025 beneficium
1166 2973 1558 3042 optinendum:
1593 2989 1695 3023 nos
1740 2971 1805 3022 de
1830 2971 1942 3023 vita
1976 2978 2031 3023 et
2073 2970 2485 3023 conversacione

485 3057 655 3126 ipsius
673 3058 850 3111 clerici
865 3059 1122 3112 noticiam
1147 3077 1260 3110 non
1284 3057 1546 3110 habentes
1567 3078 1582 3121 3
1609 3056 1931 3108 fraternitati
1956 3064 2048 3109 tue
2075 3074 2172 3126 per
2191 3056 2486 3125 apostolica

488 3143 686 3212 scripta
713 3145 1048 3209 mandamUS,
1076 3144 1328 3214 quatinus
1355 3144 1421 3196 de
1439 3143 1544 3194 hiis
1573 3143 1815 3195 sollerter
1829 3142 2126 3212 inquirenS,
2155 3143 2200 3194 si
2226 3160 2346 3194 eum
2374 3141 2483 3193 vite

487 3225 767 3281 laudabilis
807 3238 862 3282 et
898 3232 1128 3284 honeste
1155 3229 1584 3283 conversacionis
1611 3247 1728 3281 esse
1754 3229 2014 3298 repereris
2054 3236 2110 3280 et
2147 3227 2291 3279 aliud
2317 3225 2483 3277 eccle-

490 3311 762 3366 siasticum
786 3314 1108 3369 beneficium
1132 3335 1240 3369 non
1270 3316 1530 3386 optineat,
1555 3334 1655 3369 nec
1675 3315 1803 3368 alias
1824 3314 2135 3384 scripsimus
2155 3330 2253 3381 pro
2274 3310 2481 3373 eodem,

489 3398 738 3468 aliudque
763 3401 1081 3455 canonicum
1105 3421 1216 3456 non
1243 3402 1490 3467 obsistat,
1516 3401 1691 3455 eidem
1718 3401 1909 3455 clerico
1931 3399 2226 3453 secundum
2245 3414 2338 3448 sue
2358 3413 2483 3465 pro-
