2774 3952
459 424 526 470 88
989 438 1344 475 CHRoNlcON
1378 442 1919 478 PETROBURGENSE.

529 563 949 616 Memorandum
995 565 1141 634 quod
1185 583 1310 618 cum
1361 584 1460 618 nos
1503 566 1758 618 Oliverus
1809 567 1916 620 Dei
1965 570 2136 637 gratia
2180 571 2461 624 Lincolnie

455 649 760 719 episcopm,
785 651 976 704 unicus
1004 651 1250 721 provisor
1276 670 1372 704 seu
1398 659 1656 704 executor
1682 670 1843 722 super
1867 654 2176 722 provisione
2201 657 2462 711 Willelmi

457 735 724 805 Campiun
751 738 1001 807 pauperis
1028 738 1203 791 clerici
1229 757 1259 790 a
1300 739 1426 791 sede
1461 739 1761 808 apostolica
1788 740 2099 809 deputatus,
2143 744 2461 796 auctoritate

454 830 641 873 nostra
682 822 738 873 in
778 823 878 875 hac
918 831 1068 893 parte
1108 823 1535 876 reservacionem
1586 842 1684 893 per
1726 843 1827 876 nos
1872 825 2070 876 factam
2121 827 2343 880 ecclesie
2393 830 2460 881 de

457 907 728 977 Cloptona
765 916 948 962 nostre
975 910 1202 962 diocesis
1230 910 1295 962 de
1315 910 1437 979 jure
1463 918 1518 963 et
1544 911 1610 962 de
1637 911 1779 963 facto
1813 910 2022 963 notorie
2062 918 2192 964 tunc
2221 914 2460 966 vacantis

453 991 598 1045 dicto
617 994 840 1062 pauperi
865 994 1055 1046 clerico
1072 994 1390 1046 auctoritate
1411 995 1705 1064 apostolica
1721 996 2060 1060 conferende‚
2079 997 2460 1068 decretumque

450 1085 696 1129 nostrum
718 1079 875 1147 juxta
901 1079 1176 1131 decretum
1220 1079 1279 1131 in
1310 1079 1567 1131 mandato
1594 1080 1891 1149 apostolico
1917 1081 2183 1134 insertum
2224 1090 2280 1135 et
2318 1083 2460 1135 inhi-

448 1161 716 1214 bicionem
742 1163 924 1215 abbati
942 1164 1008 1216 de
1031 1163 1213 1234 Burgo
1235 1163 1407 1216 sancti
1425 1164 1570 1216 Petri
1590 1172 1645 1216 et
1665 1166 1955 1218 conventui
1976 1185 2074 1218 suo
2094 1184 2191 1236 per
2207 1168 2459 1234 eundem,

449 1246 515 1299 de
557 1266 786 1316 quorum
811 1255 1129 1317 patronatus
1172 1247 1435 1300 beneficio
1479 1249 1768 1300 mandatur
1811 1250 2099 1319 provideri,
2142 1252 2457 1305 fecissemus

447 1333 709 1403 puplicari
735 1341 790 1386 et
832 1333 1093 1386 insinuari
1119 1333 1220 1385 sub
1265 1333 1578 1386 testimonio
1625 1334 1754 1386 satis
1800 1335 2086 1405 solempni,
2127 1355 2188 1389 ac
2231 1338 2458 1391 nichilo-

450 1420 630 1471 minus
674 1419 877 1472 eisdem
906 1418 1218 1471 denunciari
1260 1436 1328 1471 ex
1367 1418 1705 1472 habundanti
1748 1421 1895 1490 quod
1935 1422 2002 1474 ad
2044 1422 2267 1475 tertium
2313 1423 2456 1476 diem

84 1499 406 1554 (f01·02'2'22·r⁰·)
446 1505 738 1575 juridicum
806 1513 933 1575 post
1002 1506 1205 1557 festum
1254 1509 1275 1571 l
1316 1504 1580 1557 Omnium
1633 1506 1973 1572 Sanctorum,
2019 1526 2163 1560 anno
2231 1509 2457 1560 Domini

79 1577 141 1615 De
159 1579 310 1618 eodem.
454 1592 833 1644 M⁰.co⁰.lxxx⁰.
873 1590 1067 1660 prim0‚
1104 1590 1427 1659 ubicumque
1464 1598 1597 1644 tunc
1637 1610 1881 1645 essemus
1924 1594 1981 1644 in
2027 1602 2215 1646 nostra
2255 1594 2455 1647 diocesi

449 1695 629 1730 coram
654 1675 812 1728 nobis
838 1682 1227 1744 comparerent,
1254 1674 1509 1744 quicquid
1534 1675 1796 1728 haberent
1840 1677 2162 1729 canonicum
2199 1696 2361 1747 quare
2386 1679 2454 1730 ad

445 1762 811 1832 provisionem
853 1761 982 1813 dicti
1026 1760 1278 1830 pauperis
1319 1760 1496 1813 clerici
1540 1761 1608 1812 de
1635 1761 1777 1813 dicta
1817 1762 2041 1814 ecclesia
2067 1763 2133 1815 de
2183 1763 2454 1833 Cloptona

446 1848 745 1901 secundum
784 1847 1012 1900 formam
1052 1846 1294 1898 mandati
1337 1847 1620 1915 apostolici
1648 1847 1876 1916 predicti
1902 1848 2194 1917 procedere
2219 1868 2333 1901 non
2360 1850 2452 1902 de-

442 1933 693 1986 beremus
719 1932 1066 2003 proposituri,
1101 1940 1156 1985 et
1179 1931 1405 1984 ulterius
1429 1932 1622 1985 facturi
1660 1934 1806 2002 quod
1830 1934 2033 1987 racioni
2058 1936 2372 1988 conveniret
2397 1944 2454 1988 et

441 2020 683 2090 equitati,
708 2027 872 2089 prout
897 2037 992 2088 per
1017 2018 1221 2070 litteras
1248 2018 1490 2087 magistri
1515 2018 1769 2070 Nicholai
1807 2019 1983 2071 clerici
2029 2020 2237 2072 domini
2280 2021 2452 2073 archi-

441 2106 652 2158 diaconi
691 2105 1084 2157 Norhamtonie
1129 2104 1432 2156 executoris
1472 2104 1647 2156 nostri
1684 2104 2081 2157 certificatorias
2122 2106 2280 2158 nobis
2322 2125 2451 2159 con-

442 2191 638 2243 stiterit
661 2191 954 2255 evidenter,
979 2190 1170 2242 eodem
1196 2188 1399 2242 scilicet
1425 2189 1510 2243 die
1538 2190 1797 2242 Mercurii
1822 2189 2068 2259 proxima
2090 2198 2218 2259 post
2243 2191 2449 2244 dictum

439 2278 637 2329 festum
688 2277 744 2328 in
788 2275 1011 2329 ecclesia
1058 2275 1351 2345 parochiali
1410 2273 1477 2327 de
1521 2275 1866 2345 Edeleburgo
1917 2294 2237 2345 comparens
2286 2278 2450 2330 frater

439 2362 747 2414 Willelmus
787 2361 854 2412 de
893 2359 1191 2413 Wodeford
1247 2360 1668 2412 commonachus
1727 2369 1782 2413 et
1824 2369 2140 2430 procurator
2181 2361 2448 2415 dictorum

441 2447 829 2516 religiosorum,
851 2445 1004 2514 cujus
1030 2444 1396 2514 procuratoria
1421 2445 1577 2515 copia
1593 2445 1754 2498 nobis
1769 2465 1801 2498 a
1822 2447 1967 2499 dicto
1994 2464 2230 2516 paupere
2256 2447 2447 2500 clerico

440 2532 598 2595 facta,
635 2531 911 2600 petitaque
953 2530 1019 2581 ab
1047 2530 1238 2582 eodem
1282 2530 1437 2599 copia
1476 2531 1843 2600 procuratoria
1881 2532 2121 2584 mandati
2164 2534 2448 2602 apostolici

439 2624 495 2669 et
521 2616 661 2668 dicte
685 2616 862 2678 littere
887 2613 1275 2679 certificatorie‚
1315 2632 1377 2665 ac
1417 2615 1582 2666 etiam
1620 2615 1996 2684 inquisicionis
2039 2635 2200 2686 super
2241 2618 2354 2669 vita
2391 2627 2446 2670 et

438 2701 852 2754 conversacione
879 2699 1007 2752 dicti
1051 2698 1229 2751 clerici
1271 2698 1328 2750 in
1371 2699 1654 2764 decanatu,
1699 2701 1765 2752 de
1804 2719 1911 2770 quo
1957 2702 2122 2754 traxit
2165 2703 2448 2771 originem,

436 2790 574 2840 facte
613 2788 825 2839 decreta
869 2793 924 2838 et
963 2791 1206 2854 optenta,
1265 2783 1507 2836 libellum
1553 2783 1656 2836 sibi
1696 2785 1809 2836 dari
1853 2804 1950 2837 seu
1992 2786 2275 2838 articulum
2318 2806 2442 2840 cum

436 2873 699 2926 instancia
747 2870 1061 2941 postulavit.
1137 2870 1256 2922 Nos
1299 2870 1462 2939 igitur
1506 2870 1573 2923 de
1615 2870 1841 2922 consilio
1884 2869 2042 2922 nobis
2083 2870 2442 2924 assidencium

434 2961 682 3013 nolentes
726 2958 1063 3027 aliquatenus
1106 2973 1204 3026 per
1245 2956 1346 3009 hec
1371 2956 1458 3009 vel
1494 2956 1600 3008 hiis
1642 2957 1836 3009 similia
1874 2956 1932 3008 in
1965 2957 2070 3008 hoc
2094 2957 2235 3008 facto
2261 2966 2441 3026 partes

436 3062 708 3098 assumere
727 3043 925 3113 judicis
953 3060 1047 3094 seu
1072 3042 1382 3111 cognitoriS,
1409 3042 1504 3095 sed
1529 3042 1810 3112 negocium
1828 3042 1974 3113 quod
1993 3041 2152 3094 nobis
2172 3042 2442 3096 incumbit

430 3131 590 3200 juxta
613 3135 859 3181 naturam
885 3126 1127 3195 ejusdem
1154 3127 1346 3197 exequi
1370 3127 1507 3180 velle
1548 3135 1930 3197 protestanteS,
1955 3128 2282 3198 peticionem
2310 3130 2439 3182 dicti

436 3215 613 3269 clerici
652 3215 708 3266 in
750 3212 962 3282 scriptis
1005 3212 1276 3265 redactam
1315 3213 1650 3282 procuratori
1690 3212 1829 3265 tradi
1872 3213 2097 3265 facimus
2147 3215 2439 3280 antedictO,

435 3303 578 3355 diem
606 3299 709 3353 sibi
734 3317 904 3369 usque
947 3298 1004 3350 in
1049 3298 1343 3351 crastinum
1386 3299 1506 3351 loco
1547 3317 1654 3368 quo
1679 3298 1829 3368 prius
1857 3299 1924 3350 ad
1951 3299 2254 3351 faciendum
2293 3303 2438 3370 quod

427 3390 518 3457 jus
545 3386 843 3451 dictaverit,
870 3383 1253 3438 continuando.
1330 3384 1544 3440 Quibus
1572 3384 1658 3437 die
1683 3391 1739 3437 et
1763 3384 1883 3437 loco
1910 3385 2087 3438 dictus
2122 3394 2438 3455 procurator
