2774 3952
454 466 523 512 32
988 475 1339 511 cmzomcoN
1386 475 1926 512 PETRanRGExsE.

453 602 620 655 franci
644 602 803 672 plegii
829 601 911 654 bis
936 601 989 653 in
1019 620 1160 653 anno
1201 601 1362 652 modo
1390 600 1572 653 debito
1598 609 1654 653 et
1679 601 1818 652 sicut
1841 602 2013 654 facere
2051 610 2449 655 consueverunt

451 696 695 757 tempore
722 706 827 757 quo
853 687 1090 757 predicte
1115 687 1237 739 ville
1263 688 1480 739 fuerunt
1505 686 1557 738 in
1587 685 1836 738 manibus
1864 686 2140 756 Ber-ingeri
2163 688 2213 740 le
2241 688 2448 758 Moyne

453 780 510 824 et
533 780 930 825 antecessorum
976 791 1213 836 suorum,
1241 791 1335 842 per
1358 772 1735 824 racionabilem
1778 779 1832 823 et
1858 779 2171 823 consuetam
2210 791 2450 825 summo-

177 858 715 911 Berneweue.ni1;ionem
758 859 940 911 ballivi
965 859 1207 928 predicti.
1287 860 1361 910 Et
1401 859 1629 911 ballivus
1665 858 1793 909 dicti
1835 857 2043 909 abbatis
2087 858 2153 909 de
2199 858 2448 910 Ramesei

82 1281 333 1333 (stum-iiii.
348 1283 424 1336 ro.)

207 2577 417 2626 Regalitas.

151 3435 406 3485 Aylingtone.

454 945 662 996 sedebit
686 963 809 996 cum
840 944 1037 996 ballivo
1073 944 1202 997 dicti
1228 944 1437 997 abbatis
1480 944 1545 996 de
1574 945 1757 1013 Burgo
1796 944 1863 995 ad
1903 943 2051 995 visus
2078 943 2368 1012 predict08‚
2401 943 2447 995 si

450 1030 695 1094 voluerit,
738 1031 804 1081 ad
845 1030 1210 1099 recipiendum
1253 1038 1520 1083 extractas
1562 1029 1864 1082 medietatis
1910 1029 2152 1080 omnium
2194 1029 2447 1081 amercia-

450 1123 753 1167 mentorum
781 1134 874 1167 seu
902 1116 1088 1168 finium
1135 1124 1228 1168 aut
1253 1135 1713 1186 quorumcumque
1742 1115 2103 1184 proficuorum
2132 1115 2198 1180 de
2234 1115 2446 1168 villanis

428 1199 616 1269 ,ipsius
656 1201 863 1253 abbatis
907 1202 972 1253 de
1004 1200 1285 1254 Rameseia
1324 1202 1752 1271 quibuscumque
1792 1202 1858 1254 de
1891 1202 2065 1254 causis
2091 1202 2147 1253 in
2191 1201 2447 1271 predictis

446 1286 584 1338 villis
610 1288 1015 1356 emergentium,
1043 1306 1145 1356 que
1184 1288 1250 1339 ad
1290 1288 1466 1340 visum
1511 1289 1678 1340 franci
1721 1288 1882 1358 plegii
1922 1288 2213 1358 pertinent,
2238 1293 2260 1354 l
2287 1287 2445 1340 salvis

443 1372 624 1425 abbati
665 1374 730 1425 de
776 1373 957 1442 Burgo
998 1373 1296 1425 redditibus
1337 1382 1392 1426 et
1429 1374 1590 1426 rebus
1635 1374 1703 1426 ab
1747 1375 1967 1444 antiquo
1998 1374 2289 1439 arentatis3
2341 1388 2443 1443 que

442 1459 717 1524 medietaS,
743 1459 1007 1524 videlicet,
1043 1459 1597 1523 amerciamentorum‚
1640 1459 1745 1529 ipsi
1786 1459 1966 1511 abbati
2010 1460 2075 1511 de
2104 1459 2347 1512 Ramesei
2389 1471 2445 1512 et

438 1545 837 1597 successoribus
883 1545 994 1597 suis
1043 1545 1344 1597 remanebit
1392 1545 1448 1596 in
1495 1554 1836 1615 perpetuum,
1881 1553 1935 1598 et
1978 1546 2142 1597 altera
2183 1546 2441 1597 medietas

438 1631 680 1700 predicto
722 1631 903 1683 abbati
944 1631 1010 1683 de
1051 1631 1232 1700 Burgo
1259 1639 1314 1683 et
1341 1631 1742 1683 successoribus
1779 1631 1889 1683 suis
1915 1631 2214 1684 remanebit
2238 1632 2295 1683 in
2321 1650 2441 1700 per-

439 1724 680 1786 petuum.
756 1718 874 1769 Nec
898 1716 1120 1769 habebit
1138 1717 1365 1769 ballivus
1393 1717 1619 1786 predicti
1658 1717 1867 1769 abbatis
1904 1718 1969 1768 de
2009 1717 2257 1769 Ramesei
2283 1718 2440 1769 aliam

435 1801 862 1870 jurisdictionem
897 1821 1054 1871 quam
1101 1801 1165 1853 ad
1210 1801 1574 1871 recipiendum
1623 1814 1675 1853 et
1711 1802 2000 1854 levandum
2043 1802 2310 1871 predictas
2349 1821 2440 1854 ex-

441 1894 635 1940 tractas
664 1887 964 1940 medietatis
992 1887 1247 1957 predicte,
1292 1906 1392 1940 nec
1417 1895 1639 1958 propter
1665 1889 1782 1958 ejus
1824 1888 2123 1940 absentiam
2161 1888 2442 1940 omittetur

438 1991 546 2042 quo
572 1973 749 2026 minus
774 1973 1000 2025 ballivus
1027 1974 1252 2043 predicti
1273 1973 1482 2026 abbatis
1509 1975 1575 2026 de
1604 1975 1785 2044 Burgo
1811 1975 1971 2027 faciat
1997 1974 2233 2026 officium
2261 1993 2438 2026 suum.

437 2058 512 2110 Et
539 2060 683 2111 salva
719 2059 925 2128 integra
952 2060 1061 2110 sint
1086 2059 1260 2111 eidem
1288 2059 1468 2111 abbati
1496 2060 1562 2112 de
1604 2061 1786 2129 Burgo
1813 2061 2244 2124 amerciamenta,
2282 2061 2437 2124 fineS,

435 2150 489 2195 et
536 2145 774 2212 proficua
815 2144 1187 2214 provenientia
1213 2144 1279 2196 de
1322 2143 1503 2196 liberis
1545 2144 1856 2196 hominibus
1899 2145 2069 2214 ipsius
2122 2145 2330 2197 abbatis
2372 2147 2439 2198 de

435 2229 716 2280 Rameseia
751 2228 819 2280 ad
862 2228 1012 2281 visus
1057 2228 1348 2297 predictos.
1443 2229 1519 2280 Et
1560 2229 1806 2281 similiter
1854 2230 2062 2299 integra
2113 2231 2179 2282 de
2226 2231 2438 2283 villanis

432 2314 600 2384 ipsius
642 2314 849 2366 abbatis
891 2315 956 2366 de
983 2314 1232 2366 Ramesei
1261 2315 1325 2366 de
1365 2315 1644 2368 forinsecis
1687 2316 2201 2386 transgressionibus
2229 2335 2332 2386 que
2370 2317 2438 2369 ad

432 2400 608 2451 visum
648 2401 814 2452 franci
856 2400 1016 2468 plegii
1059 2400 1347 2467 pertinent.
1421 2401 1874 2453 Amerciabuntur
1917 2402 2078 2453 etiam
2110 2402 2292 2455 villani
2317 2421 2438 2472 pre-

437 2484 565 2536 dicti
591 2484 798 2536 abbatis
826 2485 892 2537 de
921 2485 1168 2537 Ramesei
1205 2504 1302 2554 per
1337 2504 1494 2555 pares
1535 2505 1664 2538 suos
1702 2487 2056 2555 proximiores
2082 2488 2434 2557 predictaram

438 2577 494 2622 et
518 2570 809 2622 vicinarum
837 2570 1097 2622 villarum.
1177 2570 1417 2622 Habebit
1442 2571 1602 2622 etiam
1642 2573 1916 2641 predictus
1958 2573 2121 2625 abbas
2160 2573 2226 2625 de
2253 2575 2435 2643 Burgo

436 2663 491 2709 et
534 2674 866 2707 successores
908 2655 991 2707 sui
1033 2655 1363 2724 regalitatem
1409 2674 1562 2707 suam
1602 2656 1865 2725 integram
1904 2658 1959 2708 in
2002 2658 2256 2727 predictis
2294 2660 2434 2710 villis

434 2760 556 2793 cum
581 2741 882 2794 reddit-ibus
909 2749 964 2794 et
988 2740 1149 2793 rebus
1176 2740 1452 2806 arentatiS,
1487 2741 1563 2792 ita
1586 2742 1745 2810 plene
1773 2742 1912 2794 sicut
1936 2743 2052 2812 ipse
2078 2751 2132 2794 et
2157 2744 2435 2812 predeces-

435 2846 581 2880 sores
609 2827 691 2879 sui
731 2827 927 2880 habere
967 2836 1366 2880 consueverunt
1405 2827 1741 2897 temporibus
1782 2828 2005 2898 predicti
2050 2829 2337 2898 Berengeri
2378 2838 2434 2882 et

432 2914 869 2982 predecessorum
913 2931 1152 2978 suorum,
1193 2912 1353 2964 salvis
1396 2912 1577 2964 abbati
1618 2913 1683 2965 de
1711 2913 1961 2966 Ramesei
1995 2915 2432 2967 concessionibus

432 2998 703 3069 predictis,
779 2998 1063 3051 Concessit
1086 2999 1247 3050 etiam
1282 2999 1423 3051 idem
1451 2998 1616 3051 abbas
1655 3000 1720 3051 de
1760 3000 2007 3052 Ramesei
2026 3018 2124 3070 pro
2151 3018 2207 3052 se
2234 3009 2288 3054 et
2315 3021 2434 3054 suc-

434 3085 736 3138 cessoribus
781 3084 890 3136 suis
931 3085 1075 3154 quod
1119 3092 1413 3136 mercatum
1457 3085 1693 3137 levatum
1735 3085 1878 3155 apud
1922 3086 2250 3139 Bernewelle
2306 3106 2430 3139 cum

430 3171 640 3240 pillorio
667 3179 721 3223 et
745 3170 1062 3222 tumberello
1088 3178 1460 3239 prosternatur
1483 3170 1899 3240 imperpetuum.
1959 3171 2243 3224 Concessit
2268 3174 2430 3227 etiam

430 3257 573 3309 idem
600 3256 765 3309 abbas
793 3256 858 3308 de
886 3257 1070 3325 Burgo
1089 3274 1187 3325 pro
1216 3274 1272 3307 se
1298 3263 1353 3307 et
1393 3255 1793 3308 successoribus
1837 3257 1948 3308 suis
1989 3266 2042 3309 et
2073 3259 2293 3311 ecclesia
2333 3279 2430 3312 sua

433 3343 498 3395 de
526 3343 725 3412 BurgO,
752 3348 1013 3411 quantum
1041 3340 1097 3391 in
1132 3340 1264 3409 ipsis
1306 3349 1406 3406 est,
1435 3342 1579 3410 quod
1605 3342 1880 3410 predictus
1907 3341 2072 3394 abbas
2101 3343 2166 3395 de
2189 3345 2438 3396 Ramesei

430 3428 604 3480 levare
630 3427 804 3497 possit
841 3445 1007 3478 unum
1036 3432 1328 3479 mercatum
1374 3425 1518 3494 apud
1545 3425 1927 3496 Aylingtonam
1965 3445 2061 3497 per
2105 3427 2246 3481 diem
2273 3430 2441 3502 Lunq

2442 3502 2506 3515 K
