2774 3952
1005 450 1359 488 cnnochN
1390 451 1931 488 Parnonuncnnsn.
2325 494 2327 497 f
2403 438 2470 485 45

550 576 626 628 Et
651 593 757 645 quo
783 584 1017 629 warento
1039 577 1233 630 clamat
1251 596 1441 631 omnes
1461 586 1649 643 terras„
1667 576 1826 629 feoda
1852 573 2138 639 dominica,
2155 581 2210 627 et
2237 573 2475 627 dominia

479 679 593 724 sua,
642 661 821 730 quieta
861 662 927 714 de
983 662 1234 714 omnibus
1289 662 1449 716 sectis
1505 662 1880 725 comitatuum,
1922 666 2369 729 wapentacarum,
2420 667 2477 712 et

478 745 878 816 trithingorum,
936 756 992 800 et
1050 748 1116 800 de
1172 748 1317 801 omni
1376 748 1615 810 murdro,
1659 745 1859 798 auxilio
1911 745 2308 809 vicecomitum,
2356 746 2477 797 visu

478 831 646 883 franci
679 832 860 901 plegii,
885 840 941 884 et
965 832 1237 897 theloneo,
1262 840 1318 885 et
1343 831 1492 884 omni
1517 831 1618 883 alia
1643 830 2035 883 consuetudine
2061 838 2116 883 et
2140 830 2476 900 prestacione

478 917 658 985 regali.

551 1003 626 1054 Et
651 1019 758 1072 quo
782 1010 1020 1054 warento
1046 1002 1241 1055 clamat
1265 1002 1322 1054 in
1349 1001 1603 1054 omnibus
1626 1000 1801 1054 feodis
1842 1001 1954 1053 suis
1980 1000 2177 1071 placita
2203 1001 2269 1053 de
2295 1002 2475 1054 namio

477 1087 664 1152 vetite,
690 1096 745 1139 et
767 1086 963 1140 habere
994 1088 1407 1140 amerciamenta
1445 1086 1730 1140 hominum
1775 1104 1996 1139 suorum
2023 1104 2126 1155 que
2152 1104 2219 1138 ex
2258 1087 2477 1139 murdro

476 1173 803 1241 proveniunt
844 1181 900 1226 et
924 1191 991 1226 ex
1030 1174 1178 1226 omni
1215 1174 1317 1226 alia
1360 1171 1800 1242 transgressione,
1828 1170 2017 1223 catalla
2055 1170 2314 1235 felonum,
2339 1171 2477 1240 fugi-

476 1276 668 1311 vorum
688 1266 743 1311 et
762 1259 1175 1328 dampnatorum
1200 1259 1258 1311 in
1293 1259 1514 1323 eisdem,
1542 1265 1597 1311 et
1617 1264 1880 1310 extractas
1902 1255 2246 1324 (debitorum)
2271 1247 2477 1308 domini

476 1344 615 1414 regis
635 1344 976 1414 colligendaS,
997 1351 1052 1397 et
1070 1345 1138 1396 ad
1157 1344 1596 1414 respondendum
1624 1344 1690 1396 de
1716 1343 1921 1396 eisdem
1947 1341 2142 1395 debitis
2162 1359 2259 1411 per
2283 1359 2477 1393 manus

480 1448 603 1482 suas
629 1430 874 1501 proprias
900 1431 964 1483 ad
995 1431 1314 1484 scaccarium
1344 1431 1550 1483 domini
1574 1429 1733 1499 regis,

111 1527 370 1578 Responsum.
549 1514 627 1567 Et
650 1514 816 1567 abbas
841 1513 1007 1567 venit.
1083 1515 1160 1567 Et
1175 1533 1282 1585 quo
1302 1515 1370 1567 ad
1389 1516 1582 1579 furcaS,
1605 1514 1841 1567 wrekum
1861 1511 2041 1577 maris,
2056 1519 2336 1565 returnum
2356 1511 2479 1565 bre-

475 1598 626 1650 vium
670 1598 876 1650 domini
917 1598 1075 1667 regis,
1112 1598 1309 1669 placita
1351 1599 1419 1651 de
1459 1599 1640 1651 namio
1687 1598 1875 1662 vetit0,
1919 1604 1974 1651 et
2017 1597 2272 1649 emendas
2311 1596 2478 1649 assise

474 1682 630 1752 panis
665 1690 721 1734 et
746 1681 968 1735 cervisie
993 1683 1158 1735 fracte
1177 1683 1234 1735 in
1260 1683 1416 1735 terris
1444 1682 1554 1735 suis
1582 1683 1650 1735 de
1679 1680 2129 1746 Goseberchirke,
2152 1681 2478 1735 Quadhave-

474 1767 643 1837 ringe,
660 1766 791 1819 dicit
806 1767 953 1837 quod
971 1766 1167 1820 clamat
1185 1768 1441 1820 emendas
1457 1767 1613 1838 panis
1641 1775 1696 1820 et
1721 1766 1945 1819 cervisie
1968 1766 2171 1834 (fracte)
2197 1766 2263 1819 de
2289 1774 2480 1818 tenen-

474 1851 622 1904 tibus
643 1852 753 1904 suis
783 1852 987 1905 ibidem
1013 1851 1080 1904 ab
1107 1853 1348 1923 antiquo.
1400 1854 1476 1905 Et
1501 1870 1607 1922 quo
1628 1851 1694 1903 ad
1722 1851 1851 1903 alias
1876 1850 2152 1904 libertates
2179 1850 2308 1902 dicit
2333 1851 2478 1920 quod

477 1937 670 1990 clamat
693 1936 811 1989 illas
836 1955 934 2006 per
958 1944 1159 1989 cartam
1197 1936 1403 1989 domini
1432 1936 1657 1989 Henrici
1695 1936 1854 2007 regis,
1897 1935 2064 2006 patris
2091 1935 2297 1988 domini
2338 1935 2479 2004 regis

476 2042 641 2088 nunc,
691 2042 852 2093 quam
896 2024 1122 2093 profert,
1164 2032 1220 2076 et
1262 2042 1365 2093 que
1409 2023 1514 2075 hoc
1557 2023 1702 2075 idem
1746 2030 1992 2074 testatur.
2086 2022 2294 2073 Datum
2334 2021 2478 2091 apud

477 2107 1044 2171 westmonasterium,
1070 2126 1159 2160 xv.
1199 2108 1285 2160 die
1312 2107 1461 2171 May,
1487 2126 1629 2159 anno
1654 2107 1805 2176 regni
1831 2107 1948 2175 ejus
1976 2106 2150 2159 .liiiit0.

551 2191 626 2243 Et
646 2209 752 2260 quo
778 2191 846 2242 ad
877 2209 1066 2243 omnes
1091 2191 1366 2243 libertates
1392 2191 1449 2242 in
1477 2190 1798 2242 Fiskertona
1823 2190 1954 2242 dicit
1979 2189 2126 2259 quod
2160 2189 2355 2241 clamat
2388 2206 2479 2241 eas

478 2295 575 2346 per
612 2277 839 2329 eandem
873 2285 1091 2341 cartam,
1114 2283 1294 2346 preter
1312 2275 1535 2328 liberam
1560 2293 1866 2328 warennam
1896 2276 1989 2343 (et)
2020 2275 2275 2327 emendas
2310 2275 2478 2327 assise

478 2362 700 2416 cervisie
725 2363 908 2427 fracte,
936 2381 1068 2432 quas
1093 2363 1290 2415 clamat
1314 2362 1381 2414 ab
1407 2360 1663 2432 antiqu03
1701 2369 1757 2414 et
1791 2379 1897 2431 quo
1923 2361 1993 2413 ad
2017 2361 2272 2413 emendas
2311 2361 2478 2414 assise

477 2446 632 2516 panis
657 2448 821 2499 fracte
860 2446 1061 2499 ibidem
1088 2446 1219 2499 dicit
1244 2446 1391 2516 quod
1416 2446 1551 2498 nihil
1585 2446 1781 2498 clamat
1807 2446 1874 2498 de
1914 2445 2155 2509 eisdem3
2190 2453 2244 2497 et
2269 2463 2376 2514 quo
2411 2445 2479 2497 ad

477 2532 698 2584 liberam
742 2549 1047 2585 warennam
1085 2532 1288 2585 ibidem
1329 2531 1460 2585 dicit
1502 2531 1648 2601 quod
1691 2531 1887 2583 clamat
1925 2530 2074 2582 illam
2116 2531 2175 2582 in
2225 2529 2480 2583 omnibus

477 2617 759 2671 dominicis
798 2618 953 2671 terris
1003 2618 1114 2671 suis
1162 2617 1365 2671 ibidem
1414 2635 1511 2687 per
1559 2624 1760 2669 cartam
1802 2615 2009 2669 domini
2053 2616 2192 2686 regis
2238 2615 2480 2681 Henrici,

475 2703 642 2773 patris
669 2703 874 2756 domini
899 2704 1037 2773 regis
1076 2722 1240 2769 nunc,
1267 2722 1427 2774 quam
1452 2703 1674 2773 profert,
1694 2710 1750 2755 et
1775 2721 1879 2772 que
1904 2709 2137 2755 testatur
2165 2702 2310 2771 quod
2335 2701 2479 2754 idem

479 2787 748 2840 Henricus
785 2805 878 2839 rex
918 2788 1186 2840 concessit
1225 2795 1281 2840 et
1323 2795 1468 2840 carta
1508 2805 1604 2838 sua
1652 2784 1991 2839 confirmavit
2034 2785 2217 2838 abbati
2261 2794 2316 2838 et
2352 2803 2481 2838 con-

477 2872 665 2925 ventui
698 2873 764 2925 de
791 2873 973 2943 Burgo
1000 2873 1172 2926 sancti
1198 2872 1360 2938 Petri,
1387 2873 1531 2942 quod
1563 2872 1671 2942 ipsi
1705 2880 1761 2925 et
1803 2890 1992 2925 omnes
2019 2889 2357 2925 successores
2396 2870 2481 2922 sui

478 2957 859 3028 inperpetuum
898 2958 1135 3011 habeant
1177 2957 1402 3011 liberam
1444 2975 1751 3011 warennam
1799 2957 1857 3009 in
1901 2956 2155 3009 omnibus
2197 2955 2484 3008 dominicis

111 3045 459 3099 (foacxxxviiiffi.)
479 3042 634 3095 terris
664 3047 686 3108 l
712 3041 823 3094 suis
874 3043 942 3094 de
984 3043 1325 3108 Fiskertona,
1370 3042 1609 3107 Scotere,
1661 3049 1718 3095 et
1765 3040 2047 3094 Walecote
2095 3048 2199 3093 etc.
2273 3041 2479 3092 Datum

479 3127 624 3197 apud
649 3127 1199 3180 Westmonasterium
1228 3126 1353 3179 .xvi‚
1381 3126 1468 3179 die
1495 3125 1771 3191 Octobris,
1797 3144 1941 3178 anno
1967 3125 2118 3196 regni
2144 3125 2229 3178 sui
2256 3127 2482 3178 ‚xxxvt⁰.

553 3212 629 3264 Et
667 3231 774 3282 quo
813 3213 881 3266 ad
905 3214 1009 3266 hoc
1043 3212 1189 3282 quod
1228 3230 1340 3266 non
1383 3211 1652 3283 permittit
1667 3212 1903 3265 villanos
1939 3230 2066 3265 suos
2105 3213 2171 3264 de
2211 3209 2481 3263 Goseber-

482 3295 681 3361 chirke‚
720 3297 1170 3368 Quadhaveringe
1213 3306 1268 3352 et
1307 3297 1664 3366 Duningtona
1707 3298 1879 3351 facere
1922 3305 2122 3351 sectam
2160 3296 2228 3349 ad
2269 3311 2482 3363 wapen-
