2774 3952
65 2121 323 2171 Homagium.

64 2302 334 2342 Hibaldstowe.

65 2472 322 2521 Homagium.

970 452 1325 490 CHRONIGON
1368 454 1915 492 PETROBURGENSE.
2339 443 2438 491 143
2481 486 2485 490 .

440 577 660 630 domino
688 577 964 631 Willelmo
993 580 1058 632 de
1089 581 1299 634 Hotota
1343 582 1409 634 de
1454 581 1726 651 Cloptona
1765 580 2076 649 homagium
2114 586 2338 649 propter
2361 589 2440 632 te-

439 671 754 715 nementum
799 666 943 734 quod
970 666 1037 719 de
1074 666 1194 736 ipso
1232 667 1410 720 tenuit
1445 667 1503 719 in
1539 667 1667 719 villa
1705 666 2103 735 deCloptona,
2128 665 2274 717 idem
2299 665 2440 717 Wil-

438 748 631 801 lelmus
657 751 925 803 recusavit
949 752 1052 804 hoc
1078 752 1250 804 facere
1287 752 1500 805 racione
1539 752 1821 822 cujusdam
1846 750 2012 804 medii
2039 750 2140 815 sui,
2167 751 2259 820 qui
2283 769 2441 804 voca-

437 834 597 887 batur
624 836 876 888 dominus
915 837 1095 889 David
1120 838 1186 890 de
1214 839 1540 891 Fleterwiht.
1614 837 1856 890 Tandem
1896 844 2024 907 post
2049 837 2246 888 multas
2284 837 2442 889 alter-

438 921 676 974 eationes
718 922 862 975 idem
902 922 1099 988 David,
1125 918 1467 992 presentibus
1507 923 1750 993 predicto
1777 922 2055 975 Willelmo
2101 922 2168 975 de
2214 923 2441 987 Hotota,

439 1006 670 1060 Ricardo
702 1008 767 1060 de
811 1008 1037 1074 Hotota,
1082 1009 1304 1062 domino
1349 1009 1603 1062 Johanne
1647 1009 1932 1063 Bonebota
1975 1008 2182 1061 rectore
2220 1008 2441 1062 ecclesie

434 1093 504 1144 de
532 1093 877 1159 Bernewella,
903 1093 1145 1148 Waltero
1174 1095 1511 1166 Grymbaud,
1533 1096 1618 1148 die
1644 1096 1682 1149 J
1685 1096 1800 1149 ovis
1816 1094 2065 1166 proximo
2090 1102 2217 1164 post
2241 1095 2439 1146 festum

441 1177 638 1230 Sancte
690 1179 864 1231 Marie
914 1180 1211 1251 Egiptiace,
1255 1181 1530 1251 predictus
1571 1182 1754 1235 David
1812 1180 2064 1245 reddidit,
2115 1180 2323 1232 remisit
2385 1186 2441 1232 et

439 1263 681 1331 quietum
725 1264 974 1318 clamavit
1000 1267 1222 1319 domino
1260 1266 1444 1319 abbati
1481 1274 1536 1319 et
1580 1267 1875 1320 conventui
1898 1266 2212 1336 homagium
2238 1273 2294 1318 et
2331 1263 2442 1318 ser'-

435 1347 635 1400 vicium
660 1350 855 1419 prefati
878 1337 1157 1418 willelmi,
1185 1352 1473 1422 obligando
1501 1372 1558 1406 se
1583 1371 1679 1423 per
1704 1354 1940 1405 litteram
1969 1371 2123 1404 suam
2149 1352 2214 1403 ad
2242 1351 2441 1403 facien-

437 1433 567 1486 dum
593 1444 890 1489 warantum
915 1438 1123 1506 prefato
1150 1438 1425 1491 Willelmo
1452 1447 1508 1491 et
1531 1438 1822 1492 heredibus
1862 1438 1974 1490 suis
2003 1438 2048 1489 si
2084 1438 2151 1490 de
2190 1437 2334 1489 dicto
2360 1443 2440 1488 te-

434 1529 693 1574 nemento
713 1522 893 1592 ipsum
912 1523 1232 1592 implacitari
1252 1524 1605 1594 contingeret.
1681 1525 1757 1577 Et
1784 1524 1967 1577 statim
1994 1516 2170 1576 dictus
2189 1522 2441 1575 dominus

436 1604 743 1659 Willelmus
770 1608 898 1660 fecit
921 1608 1233 1678 homagium
1262 1610 1319 1662 in
1344 1611 1623 1680 presencia
1638 1610 1880 1663 omnium
1910 1609 2361 1679 supradictorum,
2387 1615 2442 1660 et

443 1689 713 1744 Abbatem
752 1693 939 1761 posuit
975 1693 1030 1745 in
1074 1694 1286 1764 seysina
1312 1695 1378 1747 de
1404 1713 1585 1747 annuo
1611 1695 1829 1747 redditu
1913 1733 1926 1746 .
2027 1733 2040 1746 .
2143 1733 2157 1747 .
2235 1692 2440 1759 solidis,

436 1794 573 1845 quos
601 1778 807 1831 solvere
833 1779 1116 1832 consuevit
1141 1780 1361 1833 domino
1387 1780 1567 1834 David
1594 1780 1920 1851 supradicto,

511 1862 588 1915 Et
631 1863 909 1917 sciendum
956 1866 1100 1936 quod
1145 1866 1325 1936 quieta
1369 1867 1676 1933 clamancia,
1715 1886 1876 1937 quam
1914 1867 2059 1919 idern
2097 1866 2276 1918 David
2315 1865 2442 1919 fecit

436 1949 619 2003 abbati
645 1958 700 2003 et
725 1952 1032 2017 conventui,
1061 1960 1115 2005 et
1153 1952 1332 2005 littera
1380 1954 1621 2018 warenti,
1665 1973 1825 2023 quam
1861 1953 2007 2006 idem
2045 1953 2173 2006 fecit
2213 1952 2435 2006 domino

433 2034 711 2088 Willelmo
739 2036 805 2088 de
833 2037 1059 2101 Hotota,
1085 2044 1366 2089 remanent
1390 2037 1444 2088 in
1473 2037 1822 2090 thesaurario.

428 2147 432 2150 ·
508 2120 928 2173 Memorandum
947 2122 1091 2191 quod
1110 2122 1419 2175 Willehnus
1447 2124 1513 2175 de
1540 2124 1667 2175 Alta
1687 2124 1828 2194 Ripa
1852 2122 1981 2175 fecit
2007 2122 2228 2175 domino
2255 2121 2438 2174 abbati

438 2206 671 2259 Ricardo
698 2208 765 2260 de
792 2207 1093 2260 Londoniis
1129 2210 1272 2278 apud
1301 2209 1520 2262 Scotere
1545 2209 1860 2262 fidelitatem
1912 2217 1968 2262 et
2003 2208 2315 2278 homagium
2339 2227 2439 2279 pro

437 2300 668 2361 quatuor
691 2292 903 2347 bovatis
929 2302 1088 2359 terre,
1115 2313 1246 2364 quas
1273 2303 1426 2348 tenet
1451 2295 1517 2348 de
1542 2295 1663 2365 ipso
1688 2296 1744 2347 in
1782 2295 2219 2366 Hybaldestowe.
2298 2296 2441 2363 (Me-

436 2380 739 2432 morandum
760 2381 900 2448 quod
914 2382 1063 2433 istud
1083 2383 1377 2447 homayz'um
1401 2399 1503 2434 non
1517 2383 1752 2449 pertinet
1772 2383 1844 2434 ad
1849 2382 2072 2448 feodum
2097 2382 2160 2432 de
2174 2381 2435 2447 Fawelle.)

513 2466 931 2519 Memorandum
975 2467 1120 2537 quod
1158 2467 1467 2520 Willelmus
1507 2468 1573 2520 de
1611 2468 1661 2519 la
1701 2468 1992 2533 Plaunche,
2019 2467 2105 2520 die
2133 2467 2317 2520 Sancti
2342 2467 2440 2520 Jo-

438 2550 632 2602 hannis
660 2551 1006 2621 Evangeliste
1043 2551 1181 2603 infra
1214 2551 1569 2605 ebdomadam
1597 2551 1807 2605 Natalis
1833 2551 2077 2615 Domini,
2102 2550 2230 2604 fecit
2252 2550 2441 2604 homa-

432 2636 585 2707 gium
630 2637 850 2690 domino
882 2637 1112 2690 Ricardo
1140 2638 1206 2690 de
1233 2637 1534 2690 Londoniis
1573 2636 1757 2690 abbati
1793 2637 1960 2707 Burgi
1986 2654 2085 2707 pro
2127 2643 2438 2690 tenemento

427 2722 580 2791 quod
600 2729 750 2775 tenet
769 2722 836 2776 de
856 2723 1093 2776 manerio
1111 2724 1177 2776 de
1199 2723 1490 2794 Sutthorp3
1515 2724 1571 2776 in
1591 2723 1834 2794 Uptona,
1854 2722 2197 2793 presentibus
2218 2722 2438 2775 domino

434 2807 709 2861 Willelmo
737 2809 803 2862 de
830 2809 1161 2863 Wodeforde
1187 2818 1319 2863 tunc
1346 2810 1568 2863 sacrista
1594 2810 1780 2879 Burgi,
1810 2810 2064 2879 magistro
2092 2808 2334 2861 Roberto
2370 2809 2437 2861 de

439 2893 667 2947 Sceffied
710 2902 842 2948 tunc
879 2896 1171 2948 senescallo
1216 2896 1401 2965 Burgi,
1446 2904 1501 2949 et
1542 2895 1763 2948 domino
1807 2896 2060 2949 Johanne
2106 2894 2172 2946 de
2211 2893 2440 2963 Afforby

438 2987 642 3032 rectore
677 2980 899 3033 ecclesie
926 2981 992 3033 de
1021 2980 1228 3033 Castra.
1309 2982 1410 3048 (De
1435 2981 1593 3048 feodo
1622 2983 1900 3033 Prikmera
1925 2983 1982 3033 in
2017 2980 2243 3048 (Τρίοπα,
2286 2995 2441 3047 quere

437 3066 492 3116 in
522 3068 634 3132 fine
660 3054 864 3119 libriin
887 3068 1315 3134 inquisicionibus
1349 3069 1410 3119 de
1433 3068 1617 3135 feodis
1640 3069 1865 3119 militum
1910 3069 1974 3119 de
2010 3063 2227 3118 Honore
2251 3067 2439 3131 Buryz‘,

440 3165 574 3201 anno
598 3152 747 3214 requi
771 3153 931 3217 Reyis
957 3151 1197 3216 Hem-ici,
1210 3153 1321 3220 filii
1345 3153 1506 3219 Reyis
1528 3153 1803 3216 Johannis,
1829 3152 2016 3219 oeoevii.)

514 3231 933 3306 Memorandum
983 3236 1129 3306 quod
1169 3236 1466 3289 Nicholaus
1512 3237 1578 3290 de
1624 3237 1936 3307 Adingtona
1973 3235 2278 3305 capellanus
2311 3231 2438 3285 fecit

438 3318 746 3389 homagium
793 3327 850 3373 et
890 3321 1203 3376 fidelitatem
1250 3323 1470 3376 domino
1517 3324 1746 3376 Ricardo
1788 3324 1854 3376 de
1900 3318 2201 3375 Londoniis
2257 3317 2438 3370 abbati

439 3407 624 3478 Burgi,
645 3404 729 3458 die
750 3405 934 3459 Sancti
951 3407 1159 3459 Thome
1181 3407 1412 3459 martiris
1432 3408 1569 3459 infra
1589 3407 1942 3460 ebdomadam
1963 3404 2174 3458 Natalis
2195 3402 2438 3465 Domini,
