2774 3952
103 1021 224 1060 Aliud
231 1049 243 1060 .

100 1366 187 1405 Hoc
205 1378 325 1406 anno,

101 1541 403 1579 Norhamtonie-

104 1607 218 1634 scira.

104 2663 202 2718 (soc.
219 2664 350 2704 xcviii.
370 2663 443 2716 vo.)

110 2845 234 2882 Breve
252 2843 456 2894 originale.

995 463 1347 500 ennomcoN
1382 466 1925 502 PETROBURGENSE.
2403 452 2464 512 71
2510 506 2513 510 ,

462 589 605 642 dicta
642 597 745 642 etc,
785 597 840 641 et
861 599 1174 660 preceptum
1211 600 1295 644 est
1321 592 1467 645 dicto
1502 593 1745 646 Johanni
1790 594 1857 645 de
1884 592 2012 658 Ver,
2050 592 2195 662 quod
2222 592 2289 643 ad
2328 593 2467 646 diem

462 675 763 744 predictum
809 678 953 745 apud
996 678 1547 731 Westmonasterium
1597 679 1780 732 veniat
1829 678 2158 731 audiendum
2186 678 2472 748 judicium.

462 762 551 813 Ad
577 779 737 831 quem
765 762 908 815 diem
934 763 1162 833 predicti
1182 765 1220 818 J
1223 765 1464 817 ohannes
1486 772 1542 816 et
1565 765 1729 834 plegii
1758 763 1843 816 sui
1861 765 1919 816 in
1939 763 2323 829 misericordia,
2350 765 2474 834 quia

463 865 574 899 non
618 849 837 901 fuerunt
862 850 1151 918 prosecuti,
1189 861 1243 903 et
1284 850 1450 903 abbas
1493 849 1620 903 inde
1668 851 1784 903 sine
1826 851 1913 904 die
1951 850 2175 904 recessit
2215 858 2272 903 et
2309 851 2475 903 habet

464 941 747 986 returnum
773 934 1092 988 averiorum.
1359 983 1363 986 .

540 1020 694 1072 Idem
723 1019 761 1073 J
764 1020 1004 1073 ohannes
1029 1021 1080 1073 le
1112 1021 1225 1074 Ver
1249 1021 1376 1075 tulit
1399 1022 1544 1075 aliud
1582 1021 1746 1076 breve
1766 1041 1953 1077 versus
1979 1022 2284 1093 predictum
2310 1022 2473 1075 abba-

465 1113 577 1158 tem
615 1093 695 1159 de'
719 1105 917 1175 placito
961 1106 1155 1160 iterato
1199 1107 1474 1177 capcionis
1519 1110 1823 1162 averiorum
1873 1109 2047 1179 ipsius
2092 1109 2130 1162 J
2132 1110 2381 1173 ohanniS‚
2419 1118 2474 1160 et

465 1191 690 1245 ratraxit
726 1210 801 1257 se,
827 1200 884 1244 et
906 1192 1028 1246 ideo
1054 1194 1330 1263 predictus
1355 1194 1523 1248 abbas
1560 1195 1687 1249 inde
1712 1196 1937 1248 recessit
1962 1197 2079 1248 sine
2105 1195 2210 1260 die,
2255 1203 2310 1247 et
2353 1213 2474 1265 prea

469 1277 644 1331 dictus
669 1278 707 1332 J
710 1279 950 1332 ohannes
976 1287 1032 1332 et
1058 1281 1218 1350 plegii
1245 1281 1329 1334 sui
1355 1281 1422 1334 de
1447 1283 1824 1352 prosequendo
1850 1282 1907 1334 in
1933 1281 2316 1335 misericordia.

540 1353 920 1418 Terminatum¹
955 1374 1039 1418 est
1087 1366 1348 1435 placitum
1401 1369 1546 1438 quod
1609 1368 1863 1422 movebat
1899 1368 2110 1421 Amicia
2142 1369 2251 1420 Tot
2286 1385 2474 1420 versus

468 1448 720 1502 abbatem
747 1450 814 1502 de
835 1451 1038 1521 Burg0,
1065 1452 1219 1522 cujus
1245 1471 1533 1522 processus
1554 1452 1879 1506 subnotatur
1902 1453 2008 1505 hoc
2034 1453 2197 1504 modo
2216 1472 2305 1503 :—

540 1535 750 1588 Amicia
789 1537 896 1589 Tot
935 1537 1075 1606 petit
1112 1556 1301 1590 versus
1346 1539 1638 1591 Ricardum
1665 1540 1731 1592 de
1775 1538 2079 1591 Londoniis
2128 1537 2380 1591 abbatem
2408 1539 2474 1592 de

471 1622 651 1690 Burgo
704 1623 876 1676 sancti
928 1623 1074 1676 Petri
1124 1625 1254 1678 xxii.
1299 1643 1447 1678 acras
1491 1625 1643 1679 bosci
1687 1644 1812 1679 cum
1863 1624 2207 1696 pertinentiis
2250 1625 2309 1677 in
2349 1625 2475 1679 villa

470 1707 655 1777 Burgi,
681 1715 745 1760 ut
756 1709 848 1778 jus
875 1716 976 1762 etc.
1005 1728 1102 1779 per
1125 1710 1289 1764 breve
1316 1712 1383 1764 de
1408 1711 1673 1782 ingressu·

540 1794 617 1846 Et
644 1793 905 1847 Ricardus
940 1794 1106 1848 abbas
1149 1797 1300 1850 venit
1326 1805 1382 1851 et
1405 1799 1545 1868 petit
1569 1798 1748 1852 visum
1773 1798 1926 1851 bosci
1950 1797 2197 1868 predicti,
2224 1806 2279 1850 et
2317 1798 2474 1850 datus

467 1888 552 1933 est
577 1881 690 1934 dies
716 1881 771 1936 in
811 1882 1046 1936 crastino
1062 1883 1384 1938 Animarum
1404 1906 1421 1951 3
1466 1887 1534 1939 ad
1561 1904 1722 1956 quem
1749 1885 1893 1938 diem
1918 1886 2064 1938 idem
2091 1884 2258 1938 abbas
2283 1885 2475 1938 iterato

470 1967 607 2037 petit
629 1967 827 2033 visum,
853 1986 918 2021 eo
945 1969 1091 2038 quod
1116 1969 1265 2039 prius
1292 1989 1404 2024 non
1429 1971 1638 2037 habuit,
1667 1972 1808 2025 sicut
1824 1971 2135 2024 testificavit
2157 1971 2475 2035 vicecomeS,

470 2061 526 2105 et
551 2053 709 2105 datus
729 2061 815 2106 est
839 2053 954 2106 dies
979 2054 1121 2106 ultra
1158 2074 1330 2125 usque
1356 2075 1388 2108 a
1413 2056 1500 2109 die
1528 2057 1733 2109 Pasche
1757 2056 1813 2108 in
1841 2055 2149 2125 quindecim
2177 2055 2309 2107 dies,
2387 2057 2475 2108 Ad

470 2156 632 2207 quem
658 2138 798 2190 diem
828 2139 1067 2207 predicta
1104 2140 1314 2193 Amicia
1351 2141 1479 2194 fecit
1522 2142 1793 2207 defaltam,
1819 2150 1875 2195 et
1899 2142 2017 2212 ipsa
2042 2149 2098 2194 et
2111 2141 2268 2211 plegii
2299 2142 2383 2194 sui
2419 2142 2475 2194 in

471 2223 852 2287 misericordia,
877 2231 933 2276 et
952 2223 1118 2276 abbas
1140 2226 1368 2279 recessit
1394 2226 1510 2280 sine
1536 2228 1639 2281 die.

547 2307 764 2360 Deinde
786 2308 936 2361 venit
960 2310 1201 2378 predicta
1219 2311 1431 2364 Amicia
1454 2312 1602 2382 apud
1618 2312 1883 2382 Burgum,
1904 2319 1960 2365 et
1985 2319 2163 2365 totum
2178 2313 2270 2382 jus
2297 2321 2352 2365 et
2371 2314 2478 2365 cla-

473 2394 643 2447 mium
653 2395 799 2466 quod
816 2394 1007 2448 habuit
1015 2396 1101 2449 vel
1117 2396 1294 2467 aliquo
1311 2398 1475 2451 modo
1491 2398 1690 2451 habere
1708 2398 1889 2469 potuit
1907 2398 1963 2451 in
1980 2399 2224 2469 predicto
2244 2399 2477 2452 boscoin

474 2501 640 2534 manu
667 2482 871 2535 domini
899 2481 1110 2535 abbatis
1135 2502 1234 2553 pro
1263 2502 1320 2537 se
1346 2492 1403 2538 et
1420 2485 1711 2538 heredibus
1751 2486 1864 2538 suis
1889 2486 2198 2556 resignavit,
2226 2494 2280 2538 et
2307 2487 2480 2539 domi-

473 2588 576 2621 nus
593 2569 759 2622 abbas
776 2569 952 2622 eidem
965 2569 1174 2623 Amicie
1194 2570 1397 2624 intuitu
1418 2571 1654 2624 caritatis
1664 2572 1814 2626 dedit
1823 2592 1988 2625 unam
2006 2591 2239 2625 marcam
2256 2573 2478 2643 argenti.

545 2660 567 2720 l
589 2655 714 2708 Hoc
739 2674 882 2708 anno
908 2655 1258 2709 terminatum
1297 2657 1557 2727 placitum
1584 2659 1651 2711 de
1691 2659 1819 2712 dote
1864 2659 2040 2724 Sarre,
2066 2677 2171 2729 que
2208 2659 2313 2712 fuit
2343 2678 2481 2713 uxor

474 2740 512 2794 J
515 2741 745 2794 ohannis
769 2741 867 2794 filii
891 2742 929 2795 J
932 2742 1162 2794 ohannis
1189 2742 1256 2796 de
1281 2743 1558 2810 Waltona,
1583 2744 1640 2796 in
1666 2744 1813 2798 hunc
1837 2745 2064 2798 modum
2086 2766 2174 2798 2-

549 2826 822 2881 Robertus
847 2828 898 2881 16
926 2826 1084 2881 Baud
1107 2827 1408 2883 vicecomes
1430 2830 1966 2884 Norhamtoniescire
1990 2831 2190 2884 ballivo
2216 2831 2479 2885 libertatis

477 2913 662 2984 Burgi,
683 2914 931 2968 salutem.
1007 2915 1335 2968 Mandatum
1356 2916 1563 2969 domini
1583 2917 1746 2986 Regis
1765 2917 1822 2969 in
1842 2918 1942 2971 hec
1958 2918 2122 2971 verba
2140 2919 2338 2989 recepi:
2367 2920 2480 2972 Ed-

475 3000 687 3053 wardus
705 3000 811 3053 Dei
835 3001 1024 3071 gratia,
1043 3008 1146 3054 etc.
1166 3002 1471 3055 vicecomiti
1491 3003 2045 3069 Norhamtoniescire,
2066 3005 2315 3059 salutem.
2356 3007 2481 3059 Pre-

479 3085 596 3155 cipe
612 3085 794 3139 abbati
814 3087 880 3139 de
903 3087 1085 3157 Burgo
1108 3088 1281 3140 sancti
1304 3087 1447 3140 Petri
1468 3088 1613 3157 quod
1627 3088 1776 3158 juste
1796 3096 1852 3142 et
1869 3089 1984 3142 sine
2005 3090 2268 3144 dilacione
2293 3093 2482 3144 reddat

482 3169 657 3237 Sarre,
680 3190 783 3241 que
808 3173 912 3225 fuit
948 3191 1087 3226 uxor
1111 3173 1149 3227 J
1152 3173 1382 3226 ohannis
1418 3173 1515 3226 filii
1539 3175 1578 3228 J
1580 3175 1810 3228 ohannis
1837 3176 1904 3228 de
1931 3176 2224 3243 Wautona,
2250 3178 2480 3230 rationa-

481 3252 645 3308 bilem
688 3257 871 3310 dotem
909 3277 1080 3325 suam,
1107 3278 1211 3329 que
1238 3278 1356 3312 eam
1383 3260 1651 3331 contingit
1677 3262 1744 3315 de
1770 3261 1940 3315 libero
1979 3269 2291 3316 tenemento
2336 3264 2479 3331 quod

481 3339 585 3391 fuit
621 3341 848 3409 predicti
887 3344 926 3396 J
928 3345 1157 3397 ohannis
1202 3347 1477 3415 quondam
1515 3347 1616 3400 viri
1655 3349 1736 3400 sui
1776 3349 1833 3400 in
1874 3349 2057 3418 Burgo
2102 3348 2272 3400 sancti
2319 3348 2480 3400 Petri.

485 3425 707 3495 Precipe
747 3427 991 3483 Galfrido
1032 3431 1219 3484 Brond
1258 3433 1401 3502 quod
1422 3434 1571 3502 juste
1605 3441 1705 3487 etc.
1733 3434 1790 3486 in
1817 3435 2003 3495 eadem
2042 3434 2182 3486 villa.
2262 3433 2479 3502 Precipe
