<?xml version="1.0" encoding="UTF-8"?>
<!DOCTYPE html PUBLIC "-//W3C//DTD XHTML 1.0 Transitional//EN"
    "http://www.w3.org/TR/xhtml1/DTD/xhtml1-transitional.dtd">
<html xmlns="http://www.w3.org/1999/xhtml" xml:lang="en" lang="en">
 <head>
  <title>
</title>
<meta http-equiv="Content-Type" content="text/html;charset=utf-8" />
  <meta name='ocr-system' content='tesseract 3.04.00' />
  <meta name='ocr-capabilities' content='ocr_page ocr_carea ocr_par ocr_line ocrx_word'/>
</head>
<body>
  <div class='ocr_page' id='page_1' title='image "./chroniconpetro00camduoft_0083.png"; bbox 0 0 2774 3952; ppageno 0'>
   <div class='ocr_carea' id='block_1_1' title="bbox 69 579 201 619">
    <p class='ocr_par' dir='ltr' id='par_1_1' title="bbox 69 579 201 619">
     <span class='ocr_line' id='line_1_1' title="bbox 69 579 201 619; baseline 0.008 -3"><span class='ocrx_word' id='word_1_1' title='bbox 69 579 201 619; x_wconf 84' lang='lat' dir='ltr'>Sexta.</span> 
     </span>
    </p>
   </div>
   <div class='ocr_carea' id='block_1_2' title="bbox 73 927 262 977">
    <p class='ocr_par' dir='ltr' id='par_1_2' title="bbox 73 927 262 977">
     <span class='ocr_line' id='line_1_2' title="bbox 73 927 262 977; baseline 0 -12"><span class='ocrx_word' id='word_1_2' title='bbox 73 927 262 977; x_wconf 81' lang='lat' dir='ltr'>Septima.</span> 
     </span>
    </p>
   </div>
   <div class='ocr_carea' id='block_1_3' title="bbox 73 1266 230 1304">
    <p class='ocr_par' dir='ltr' id='par_1_3' title="bbox 73 1266 230 1304">
     <span class='ocr_line' id='line_1_3' title="bbox 73 1266 230 1304; baseline 0 0"><span class='ocrx_word' id='word_1_3' title='bbox 73 1266 230 1304; x_wconf 82' lang='lat' dir='ltr'>Octava.</span> 
     </span>
    </p>
   </div>
   <div class='ocr_carea' id='block_1_4' title="bbox 84 1845 391 1925">
    <p class='ocr_par' dir='ltr' id='par_1_4' title="bbox 84 1845 391 1925">
     <span class='ocr_line' id='line_1_4' title="bbox 84 1845 391 1925; baseline -0.007 -12"><span class='ocrx_word' id='word_1_4' title='bbox 84 1872 184 1924; x_wconf 76' lang='lat' dir='ltr'><em>(foc.</em></span> <span class='ocrx_word' id='word_1_5' title='bbox 205 1845 289 1913; x_wconf 54' lang='grc' dir='ltr'>ηυξ</span> <span class='ocrx_word' id='word_1_6' title='bbox 309 1874 391 1925; x_wconf 74' lang='lat' dir='ltr'>ro.)</span> 
     </span>
    </p>
   </div>
   <div class='ocr_carea' id='block_1_5' title="bbox 89 2895 315 2934">
    <p class='ocr_par' dir='ltr' id='par_1_5' title="bbox 89 2895 315 2934">
     <span class='ocr_line' id='line_1_5' title="bbox 89 2895 315 2934; baseline 0.004 -1"><span class='ocrx_word' id='word_1_7' title='bbox 89 2895 178 2933; x_wconf 86' lang='lat' dir='ltr'>Hoc</span> <span class='ocrx_word' id='word_1_8' title='bbox 195 2907 315 2934; x_wconf 76' lang='lat' dir='ltr'>anno.</span> 
     </span>
    </p>
   </div>
   <div class='ocr_carea' id='block_1_6' title="bbox 959 442 2435 493">
    <p class='ocr_par' dir='ltr' id='par_1_6' title="bbox 959 442 2435 493">
     <span class='ocr_line' id='line_1_6' title="bbox 959 442 2435 493; baseline -0.003 -1"><span class='ocrx_word' id='word_1_9' title='bbox 959 456 1317 493; x_wconf 77' lang='lat' dir='ltr'>CHRONrcoN</span> <span class='ocrx_word' id='word_1_10' title='bbox 1349 456 1892 493; x_wconf 78' lang='lat' dir='ltr'><strong>PETROBURGENSE.</strong></span> <span class='ocrx_word' id='word_1_11' title='bbox 2369 442 2435 489; x_wconf 81' lang='lat'>63</span> 
     </span>
    </p>
   </div>
   <div class='ocr_carea' id='block_1_7' title="bbox 437 582 2461 3486">
    <p class='ocr_par' dir='ltr' id='par_1_7' title="bbox 437 582 2441 913">
     <span class='ocr_line' id='line_1_7' title="bbox 510 582 2438 654; baseline 0.001 -20"><span class='ocrx_word' id='word_1_12' title='bbox 510 583 649 634; x_wconf 83' lang='lat' dir='ltr'><strong>Item</strong></span> <span class='ocrx_word' id='word_1_13' title='bbox 678 583 1065 653; x_wconf 84' lang='lat' dir='ltr'>depauperacio</span> <span class='ocrx_word' id='word_1_14' title='bbox 1086 584 1532 654; x_wconf 85' lang='lat' dir='ltr'>parochianorum</span> <span class='ocrx_word' id='word_1_15' title='bbox 1561 602 1657 653; x_wconf 91' lang='lat' dir='ltr'>per</span> <span class='ocrx_word' id='word_1_16' title='bbox 1682 583 2063 652; x_wconf 83' lang='lat' dir='ltr'>oppressiones</span> <span class='ocrx_word' id='word_1_17' title='bbox 2089 582 2262 634; x_wconf 86' lang='lat' dir='ltr'>varias</span> <span class='ocrx_word' id='word_1_18' title='bbox 2289 601 2438 635; x_wconf 90' lang='lat' dir='ltr'>occa-</span> 
     </span>
     <span class='ocr_line' id='line_1_8' title="bbox 439 667 2440 740; baseline 0 -19"><span class='ocrx_word' id='word_1_19' title='bbox 439 669 589 722; x_wconf 83' lang='lat' dir='ltr'>sione</span> <span class='ocrx_word' id='word_1_20' title='bbox 614 689 942 740; x_wconf 82' lang='lat' dir='ltr'>guerrarum,</span> <span class='ocrx_word' id='word_1_21' title='bbox 971 671 1044 722; x_wconf 88' lang='lat' dir='ltr'>ita</span> <span class='ocrx_word' id='word_1_22' title='bbox 1082 671 1227 739; x_wconf 92' lang='lat' dir='ltr'>quod</span> <span class='ocrx_word' id='word_1_23' title='bbox 1267 669 1508 733; x_wconf 87' lang='lat' dir='ltr'>ecclesie,</span> <span class='ocrx_word' id='word_1_24' title='bbox 1547 687 1652 738; x_wconf 92' lang='lat' dir='ltr'>que</span> <span class='ocrx_word' id='word_1_25' title='bbox 1689 670 1744 720; x_wconf 92' lang='lat' dir='ltr'>in</span> <span class='ocrx_word' id='word_1_26' title='bbox 1772 667 2144 721; x_wconf 83' lang='lat' dir='ltr'>oblacionibus</span> <span class='ocrx_word' id='word_1_27' title='bbox 2184 687 2250 720; x_wconf 86' lang='lat' dir='ltr'>ex</span> <span class='ocrx_word' id='word_1_28' title='bbox 2278 669 2440 721; x_wconf 89' lang='lat' dir='ltr'>devo-</span> 
     </span>
     <span class='ocr_line' id='line_1_9' title="bbox 438 751 2441 823; baseline -0 -15"><span class='ocrx_word' id='word_1_29' title='bbox 438 756 589 809; x_wconf 92' lang='lat' dir='ltr'>cione</span> <span class='ocrx_word' id='word_1_30' title='bbox 632 756 874 808; x_wconf 89' lang='lat' dir='ltr'>fidelium</span> <span class='ocrx_word' id='word_1_31' title='bbox 912 756 1068 808; x_wconf 86' lang='lat' dir='ltr'>factis</span> <span class='ocrx_word' id='word_1_32' title='bbox 1107 755 1293 808; x_wconf 89' lang='lat' dir='ltr'>crebra</span> <span class='ocrx_word' id='word_1_33' title='bbox 1331 763 1386 806; x_wconf 91' lang='lat' dir='ltr'>et</span> <span class='ocrx_word' id='word_1_34' title='bbox 1435 753 1720 822; x_wconf 84' lang='lat' dir='ltr'>multiplici</span> <span class='ocrx_word' id='word_1_35' title='bbox 1760 751 2012 804; x_wconf 86' lang='lat' dir='ltr'>solebant</span> <span class='ocrx_word' id='word_1_36' title='bbox 2068 753 2441 823; x_wconf 79' lang='lat' dir='ltr'>pinguescere,</span> 
     </span>
     <span class='ocr_line' id='line_1_10' title="bbox 437 841 1402 913; baseline -0.004 -18"><span class='ocrx_word' id='word_1_37' title='bbox 437 844 601 895; x_wconf 91' lang='lat' dir='ltr'>modo</span> <span class='ocrx_word' id='word_1_38' title='bbox 623 843 774 913; x_wconf 86' lang='lat' dir='ltr'>quasi</span> <span class='ocrx_word' id='word_1_39' title='bbox 799 842 1016 912; x_wconf 88' lang='lat' dir='ltr'>penitus</span> <span class='ocrx_word' id='word_1_40' title='bbox 1044 849 1173 894; x_wconf 90' lang='lat' dir='ltr'>sunt</span> <span class='ocrx_word' id='word_1_41' title='bbox 1196 841 1402 892; x_wconf 81' lang='lat' dir='ltr'>inaneS.</span> 
     </span>
    </p>

    <p class='ocr_par' dir='ltr' id='par_1_8' title="bbox 440 925 2444 1253">
     <span class='ocr_line' id='line_1_11' title="bbox 515 925 2443 999; baseline 0 -18"><span class='ocrx_word' id='word_1_42' title='bbox 515 929 655 981; x_wconf 86' lang='lat' dir='ltr'>Item</span> <span class='ocrx_word' id='word_1_43' title='bbox 694 929 987 981; x_wconf 75' lang='lat' dir='ltr'>necessitas</span> <span class='ocrx_word' id='word_1_44' title='bbox 1012 926 1285 979; x_wconf 90' lang='lat' dir='ltr'>residendi</span> <span class='ocrx_word' id='word_1_45' title='bbox 1322 925 1378 977; x_wconf 93' lang='lat' dir='ltr'>in</span> <span class='ocrx_word' id='word_1_46' title='bbox 1424 925 1780 993; x_wconf 88' lang='lat' dir='ltr'>Lugdunensi</span> <span class='ocrx_word' id='word_1_47' title='bbox 1824 925 2052 978; x_wconf 91' lang='lat' dir='ltr'>concilio</span> <span class='ocrx_word' id='word_1_48' title='bbox 2095 934 2315 993; x_wconf 90' lang='lat' dir='ltr'>statuta,</span> <span class='ocrx_word' id='word_1_49' title='bbox 2346 948 2443 999; x_wconf 87' lang='lat' dir='ltr'>per</span> 
     </span>
     <span class='ocr_line' id='line_1_12' title="bbox 440 1011 2443 1084; baseline 0.001 -18"><span class='ocrx_word' id='word_1_50' title='bbox 440 1034 600 1084; x_wconf 91' lang='lat' dir='ltr'>quam</span> <span class='ocrx_word' id='word_1_51' title='bbox 627 1023 861 1068; x_wconf 91' lang='lat' dir='ltr'>rectores</span> <span class='ocrx_word' id='word_1_52' title='bbox 888 1022 942 1066; x_wconf 91' lang='lat' dir='ltr'>et</span> <span class='ocrx_word' id='word_1_53' title='bbox 960 1013 1145 1065; x_wconf 86' lang='lat' dir='ltr'>vicarii</span> <span class='ocrx_word' id='word_1_54' title='bbox 1165 1013 1314 1076; x_wconf 92' lang='lat' dir='ltr'>dum,</span> <span class='ocrx_word' id='word_1_55' title='bbox 1342 1019 1405 1064; x_wconf 91' lang='lat' dir='ltr'>ut</span> <span class='ocrx_word' id='word_1_56' title='bbox 1423 1012 1636 1080; x_wconf 90' lang='lat' dir='ltr'>justum</span> <span class='ocrx_word' id='word_1_57' title='bbox 1664 1018 1764 1076; x_wconf 91' lang='lat' dir='ltr'>est,</span> <span class='ocrx_word' id='word_1_58' title='bbox 1781 1011 2230 1080; x_wconf 88' lang='lat' dir='ltr'>parochianorum</span> <span class='ocrx_word' id='word_1_59' title='bbox 2258 1033 2443 1068; x_wconf 89' lang='lat' dir='ltr'>neces-</span> 
     </span>
     <span class='ocr_line' id='line_1_13' title="bbox 442 1096 2444 1170; baseline 0 -17"><span class='ocrx_word' id='word_1_60' title='bbox 442 1101 694 1153; x_wconf 90' lang='lat' dir='ltr'>sitatibus</span> <span class='ocrx_word' id='word_1_61' title='bbox 719 1109 776 1154; x_wconf 91' lang='lat' dir='ltr'>et</span> <span class='ocrx_word' id='word_1_62' title='bbox 799 1098 1158 1170; x_wconf 82' lang='lat' dir='ltr'>hospitalitati</span> <span class='ocrx_word' id='word_1_63' title='bbox 1185 1104 1455 1167; x_wconf 88' lang='lat' dir='ltr'>coguntur</span> <span class='ocrx_word' id='word_1_64' title='bbox 1490 1115 1586 1148; x_wconf 91' lang='lat' dir='ltr'>sua</span> <span class='ocrx_word' id='word_1_65' title='bbox 1625 1096 1938 1166; x_wconf 87' lang='lat' dir='ltr'>inpendere,</span> <span class='ocrx_word' id='word_1_66' title='bbox 1979 1098 2106 1151; x_wconf 91' lang='lat' dir='ltr'>licet</span> <span class='ocrx_word' id='word_1_67' title='bbox 2144 1119 2253 1153; x_wconf 91' lang='lat' dir='ltr'>non</span> <span class='ocrx_word' id='word_1_68' title='bbox 2297 1103 2444 1154; x_wconf 89' lang='lat' dir='ltr'>suffi-</span> 
     </span>
     <span class='ocr_line' id='line_1_14' title="bbox 441 1183 1984 1253; baseline -0.002 -13"><span class='ocrx_word' id='word_1_69' title='bbox 441 1187 603 1253; x_wconf 88' lang='lat' dir='ltr'>ciant,</span> <span class='ocrx_word' id='word_1_70' title='bbox 630 1188 698 1240; x_wconf 88' lang='lat' dir='ltr'>ad</span> <span class='ocrx_word' id='word_1_71' title='bbox 723 1194 930 1240; x_wconf 88' lang='lat' dir='ltr'>remota</span> <span class='ocrx_word' id='word_1_72' title='bbox 956 1184 1198 1238; x_wconf 90' lang='lat' dir='ltr'>subsidia</span> <span class='ocrx_word' id='word_1_73' title='bbox 1223 1183 1364 1235; x_wconf 90' lang='lat' dir='ltr'>fiunt</span> <span class='ocrx_word' id='word_1_74' title='bbox 1388 1183 1629 1234; x_wconf 89' lang='lat' dir='ltr'>totaliter</span> <span class='ocrx_word' id='word_1_75' title='bbox 1652 1183 1984 1253; x_wconf 77' lang='lat' dir='ltr'>inpotentes·</span> 
     </span>
    </p>

    <p class='ocr_par' dir='ltr' id='par_1_9' title="bbox 439 1269 2453 2376">
     <span class='ocr_line' id='line_1_15' title="bbox 516 1269 2444 1343; baseline 0.001 -17"><span class='ocrx_word' id='word_1_76' title='bbox 516 1274 656 1326; x_wconf 89' lang='lat' dir='ltr'>Item</span> <span class='ocrx_word' id='word_1_77' title='bbox 682 1271 929 1325; x_wconf 89' lang='lat' dir='ltr'>nonnulli</span> <span class='ocrx_word' id='word_1_78' title='bbox 954 1272 1148 1324; x_wconf 91' lang='lat' dir='ltr'>timore</span> <span class='ocrx_word' id='word_1_79' title='bbox 1175 1269 1522 1322; x_wconf 90' lang='lat' dir='ltr'>continentur</span> <span class='ocrx_word' id='word_1_80' title='bbox 1560 1269 1866 1322; x_wconf 87' lang='lat' dir='ltr'>vehementi</span> <span class='ocrx_word' id='word_1_81' title='bbox 1893 1271 2120 1341; x_wconf 85' lang='lat' dir='ltr'>tallagiis</span> <span class='ocrx_word' id='word_1_82' title='bbox 2159 1281 2214 1325; x_wconf 93' lang='lat' dir='ltr'>et</span> <span class='ocrx_word' id='word_1_83' title='bbox 2238 1283 2444 1343; x_wconf 89' lang='lat' dir='ltr'>presta-</span> 
     </span>
     <span class='ocr_line' id='line_1_16' title="bbox 441 1350 2442 1429; baseline 0.002 -18"><span class='ocrx_word' id='word_1_84' title='bbox 441 1359 686 1412; x_wconf 92' lang='lat' dir='ltr'>cionibus</span> <span class='ocrx_word' id='word_1_85' title='bbox 713 1350 1042 1410; x_wconf 90' lang='lat' dir='ltr'>secularibus</span> <span class='ocrx_word' id='word_1_86' title='bbox 1077 1356 1310 1408; x_wconf 84' lang='lat' dir='ltr'>maxime</span> <span class='ocrx_word' id='word_1_87' title='bbox 1336 1355 1656 1407; x_wconf 87' lang='lat' dir='ltr'>effusionem</span> <span class='ocrx_word' id='word_1_88' title='bbox 1702 1356 1976 1426; x_wconf 87' lang='lat' dir='ltr'>sanguinis</span> <span class='ocrx_word' id='word_1_89' title='bbox 2003 1359 2442 1429; x_wconf 86' lang='lat' dir='ltr'>contingentibus</span> 
     </span>
     <span class='ocr_line' id='line_1_17' title="bbox 439 1442 2443 1502; baseline 0.002 -5"><span class='ocrx_word' id='word_1_90' title='bbox 439 1445 516 1498; x_wconf 89' lang='lat' dir='ltr'>ita</span> <span class='ocrx_word' id='word_1_91' title='bbox 560 1444 793 1498; x_wconf 88' lang='lat' dir='ltr'>decimas</span> <span class='ocrx_word' id='word_1_92' title='bbox 835 1445 956 1496; x_wconf 90' lang='lat' dir='ltr'>Deo</span> <span class='ocrx_word' id='word_1_93' title='bbox 999 1450 1231 1495; x_wconf 88' lang='lat' dir='ltr'>sacratas</span> <span class='ocrx_word' id='word_1_94' title='bbox 1274 1442 1331 1493; x_wconf 90' lang='lat' dir='ltr'>in</span> <span class='ocrx_word' id='word_1_95' title='bbox 1370 1461 1530 1494; x_wconf 90' lang='lat' dir='ltr'>usum</span> <span class='ocrx_word' id='word_1_96' title='bbox 1568 1442 1853 1495; x_wconf 88' lang='lat' dir='ltr'>ministerii</span> <span class='ocrx_word' id='word_1_97' title='bbox 1894 1443 2099 1496; x_wconf 87' lang='lat' dir='ltr'>Christi</span> <span class='ocrx_word' id='word_1_98' title='bbox 2136 1454 2191 1498; x_wconf 92' lang='lat' dir='ltr'>et</span> <span class='ocrx_word' id='word_1_99' title='bbox 2234 1457 2443 1502; x_wconf 88' lang='lat' dir='ltr'>susten-</span> 
     </span>
     <span class='ocr_line' id='line_1_18' title="bbox 442 1528 2444 1600; baseline 0.002 -16"><span class='ocrx_word' id='word_1_100' title='bbox 442 1531 667 1584; x_wconf 87' lang='lat' dir='ltr'>tacionis</span> <span class='ocrx_word' id='word_1_101' title='bbox 734 1548 1035 1600; x_wconf 85' lang='lat' dir='ltr'>pauperum</span> <span class='ocrx_word' id='word_1_102' title='bbox 1109 1528 1370 1593; x_wconf 87' lang='lat' dir='ltr'>subicere,</span> <span class='ocrx_word' id='word_1_103' title='bbox 1434 1528 1634 1580; x_wconf 87' lang='lat' dir='ltr'>summi</span> <span class='ocrx_word' id='word_1_104' title='bbox 1695 1529 1969 1598; x_wconf 90' lang='lat' dir='ltr'>pontificis</span> <span class='ocrx_word' id='word_1_105' title='bbox 2029 1533 2285 1586; x_wconf 90' lang='lat' dir='ltr'>mandato</span> <span class='ocrx_word' id='word_1_106' title='bbox 2350 1555 2444 1588; x_wconf 90' lang='lat' dir='ltr'>seu</span> 
     </span>
     <span class='ocr_line' id='line_1_19' title="bbox 440 1614 2449 1692; baseline 0.002 -22"><span class='ocrx_word' id='word_1_107' title='bbox 440 1619 761 1672; x_wconf 88' lang='lat' dir='ltr'>auctoritate</span> <span class='ocrx_word' id='word_1_108' title='bbox 813 1635 926 1669; x_wconf 90' lang='lat' dir='ltr'>non</span> <span class='ocrx_word' id='word_1_109' title='bbox 967 1623 1209 1685; x_wconf 89' lang='lat' dir='ltr'>urgente.</span> <span class='ocrx_word' id='word_1_110' title='bbox 1293 1614 1515 1667; x_wconf 89' lang='lat' dir='ltr'>Timent</span> <span class='ocrx_word' id='word_1_111' title='bbox 1550 1614 1774 1684; x_wconf 84' lang='lat' dir='ltr'>insuper</span> <span class='ocrx_word' id='word_1_112' title='bbox 1811 1634 1909 1686; x_wconf 91' lang='lat' dir='ltr'>per</span> <span class='ocrx_word' id='word_1_113' title='bbox 1946 1616 2295 1671; x_wconf 88' lang='lat' dir='ltr'>insolenciam</span> <span class='ocrx_word' id='word_1_114' title='bbox 2354 1641 2449 1692; x_wconf 92' lang='lat' dir='ltr'>pa-</span> 
     </span>
     <span class='ocr_line' id='line_1_20' title="bbox 439 1700 2448 1775; baseline 0.002 -18"><span class='ocrx_word' id='word_1_115' title='bbox 439 1705 614 1775; x_wconf 87' lang='lat' dir='ltr'>palem</span> <span class='ocrx_word' id='word_1_116' title='bbox 661 1702 995 1772; x_wconf 86' lang='lat' dir='ltr'>gravioribus</span> <span class='ocrx_word' id='word_1_117' title='bbox 1021 1701 1197 1771; x_wconf 87' lang='lat' dir='ltr'>urgeri</span> <span class='ocrx_word' id='word_1_118' title='bbox 1234 1700 1508 1764; x_wconf 84' lang='lat' dir='ltr'>subsidiiS‚</span> <span class='ocrx_word' id='word_1_119' title='bbox 1549 1719 1674 1753; x_wconf 91' lang='lat' dir='ltr'>cum</span> <span class='ocrx_word' id='word_1_120' title='bbox 1717 1701 1836 1771; x_wconf 90' lang='lat' dir='ltr'>ipse</span> <span class='ocrx_word' id='word_1_121' title='bbox 1880 1721 2019 1772; x_wconf 87' lang='lat' dir='ltr'>papa</span> <span class='ocrx_word' id='word_1_122' title='bbox 2062 1703 2261 1758; x_wconf 88' lang='lat' dir='ltr'>bellum</span> <span class='ocrx_word' id='word_1_123' title='bbox 2302 1725 2448 1762; x_wconf 90' lang='lat' dir='ltr'>nunc</span> 
     </span>
     <span class='ocr_line' id='line_1_21' title="bbox 440 1787 2447 1861; baseline 0.001 -17"><span class='ocrx_word' id='word_1_124' title='bbox 440 1791 647 1861; x_wconf 88' lang='lat' dir='ltr'>indiget</span> <span class='ocrx_word' id='word_1_125' title='bbox 670 1808 769 1861; x_wconf 91' lang='lat' dir='ltr'>pro</span> <span class='ocrx_word' id='word_1_126' title='bbox 794 1789 902 1841; x_wconf 92' lang='lat' dir='ltr'>fide</span> <span class='ocrx_word' id='word_1_127' title='bbox 930 1787 1135 1841; x_wconf 88' lang='lat' dir='ltr'>Christi</span> <span class='ocrx_word' id='word_1_128' title='bbox 1166 1791 1354 1839; x_wconf 86' lang='lat' dir='ltr'>contra</span> <span class='ocrx_word' id='word_1_129' title='bbox 1381 1787 1589 1840; x_wconf 89' lang='lat' dir='ltr'>Grecos</span> <span class='ocrx_word' id='word_1_130' title='bbox 1615 1789 2113 1843; x_wconf 88' lang='lat' dir='ltr'>excommunicatos</span> <span class='ocrx_word' id='word_1_131' title='bbox 2139 1799 2207 1844; x_wconf 78' lang='lat' dir='ltr'>et&#39;</span> <span class='ocrx_word' id='word_1_132' title='bbox 2229 1793 2447 1847; x_wconf 89' lang='lat' dir='ltr'>scisma-</span> 
     </span>
     <span class='ocr_line' id='line_1_22' title="bbox 443 1873 2449 1949; baseline 0.001 -18"><span class='ocrx_word' id='word_1_133' title='bbox 443 1878 600 1942; x_wconf 69' lang='lat' dir='ltr'>ticos»,</span> <span class='ocrx_word' id='word_1_134' title='bbox 635 1894 772 1947; x_wconf 89' lang='lat' dir='ltr'>quos</span> <span class='ocrx_word' id='word_1_135' title='bbox 807 1877 998 1929; x_wconf 85' lang='lat' dir='ltr'>notum</span> <span class='ocrx_word' id='word_1_136' title='bbox 1033 1882 1118 1928; x_wconf 88' lang='lat' dir='ltr'>est</span> <span class='ocrx_word' id='word_1_137' title='bbox 1154 1873 1389 1944; x_wconf 85' lang='lat' dir='ltr'>Spiritus</span> <span class='ocrx_word' id='word_1_138' title='bbox 1424 1878 1446 1940; x_wconf 79' lang='lat' dir='ltr'>l</span> <span class='ocrx_word' id='word_1_139' title='bbox 1481 1873 1667 1926; x_wconf 86' lang='lat' dir='ltr'>Sancti</span> <span class='ocrx_word' id='word_1_140' title='bbox 1699 1875 2104 1944; x_wconf 88' lang='lat' dir='ltr'>processionem</span> <span class='ocrx_word' id='word_1_141' title='bbox 2133 1877 2449 1949; x_wconf 85' lang='lat' dir='ltr'>inpugnare,</span> 
     </span>
     <span class='ocr_line' id='line_1_23' title="bbox 445 1960 2448 2035; baseline 0.001 -18"><span class='ocrx_word' id='word_1_142' title='bbox 445 1982 607 2035; x_wconf 91' lang='lat' dir='ltr'>quam</span> <span class='ocrx_word' id='word_1_143' title='bbox 622 1962 941 2016; x_wconf 87' lang='lat' dir='ltr'>universalis</span> <span class='ocrx_word' id='word_1_144' title='bbox 961 1960 1185 2015; x_wconf 82' lang='lat' dir='ltr'>ecclesia</span> <span class='ocrx_word' id='word_1_145' title='bbox 1205 1960 1394 2013; x_wconf 86' lang='lat' dir='ltr'>adorat</span> <span class='ocrx_word' id='word_1_146' title='bbox 1418 1968 1474 2012; x_wconf 89' lang='lat' dir='ltr'>et</span> <span class='ocrx_word' id='word_1_147' title='bbox 1493 1960 1680 2026; x_wconf 88' lang='lat' dir='ltr'>credit,</span> <span class='ocrx_word' id='word_1_148' title='bbox 1701 1962 1847 2031; x_wconf 92' lang='lat' dir='ltr'>quod</span> <span class='ocrx_word' id='word_1_149' title='bbox 1867 1961 2047 2028; x_wconf 87' lang='lat' dir='ltr'>Greci,</span> <span class='ocrx_word' id='word_1_150' title='bbox 2067 1964 2131 2016; x_wconf 90' lang='lat' dir='ltr'>ut</span> <span class='ocrx_word' id='word_1_151' title='bbox 2156 1964 2370 2032; x_wconf 87' lang='lat' dir='ltr'>dicitur,</span> <span class='ocrx_word' id='word_1_152' title='bbox 2392 1986 2448 2020; x_wconf 91' lang='lat' dir='ltr'>se</span> 
     </span>
     <span class='ocr_line' id='line_1_24' title="bbox 444 2046 2446 2119; baseline 0 -16"><span class='ocrx_word' id='word_1_153' title='bbox 444 2050 683 2103; x_wconf 86' lang='lat' dir='ltr'>Tartaris</span> <span class='ocrx_word' id='word_1_154' title='bbox 717 2050 831 2119; x_wconf 86' lang='lat' dir='ltr'>jam</span> <span class='ocrx_word' id='word_1_155' title='bbox 875 2049 1253 2101; x_wconf 84' lang='lat' dir='ltr'>federaverunt</span> <span class='ocrx_word' id='word_1_156' title='bbox 1277 2046 1335 2098; x_wconf 92' lang='lat' dir='ltr'>in</span> <span class='ocrx_word' id='word_1_157' title='bbox 1375 2050 1638 2111; x_wconf 83' lang='lat' dir='ltr'>eternum,</span> <span class='ocrx_word' id='word_1_158' title='bbox 1674 2047 1899 2100; x_wconf 85' lang='lat' dir='ltr'>ecclesie</span> <span class='ocrx_word' id='word_1_159' title='bbox 1934 2050 2196 2117; x_wconf 88' lang='lat' dir='ltr'>generalis</span> <span class='ocrx_word' id='word_1_160' title='bbox 2223 2052 2291 2102; x_wconf 87' lang='lat' dir='ltr'>ad</span> <span class='ocrx_word' id='word_1_161' title='bbox 2317 2053 2446 2105; x_wconf 89' lang='lat' dir='ltr'>sub—</span> 
     </span>
     <span class='ocr_line' id='line_1_25' title="bbox 448 2131 2452 2205; baseline 0.001 -17"><span class='ocrx_word' id='word_1_162' title='bbox 448 2133 647 2189; x_wconf 89' lang='lat' dir='ltr'>sidium</span> <span class='ocrx_word' id='word_1_163' title='bbox 687 2134 980 2204; x_wconf 88' lang='lat' dir='ltr'>spirituale,</span> <span class='ocrx_word' id='word_1_164' title='bbox 1013 2132 1282 2195; x_wconf 83' lang='lat' dir='ltr'>videlicet,</span> <span class='ocrx_word' id='word_1_165' title='bbox 1309 2131 1615 2196; x_wconf 88' lang='lat' dir='ltr'>missarum,</span> <span class='ocrx_word' id='word_1_166' title='bbox 1652 2134 2080 2201; x_wconf 84' lang='lat' dir='ltr'>processionum,</span> <span class='ocrx_word' id='word_1_167' title='bbox 2100 2136 2452 2205; x_wconf 90' lang='lat' dir='ltr'>jejuniorum,</span> 
     </span>
     <span class='ocr_line' id='line_1_26' title="bbox 449 2217 2453 2291; baseline 0.002 -18"><span class='ocrx_word' id='word_1_168' title='bbox 449 2221 644 2291; x_wconf 92' lang='lat' dir='ltr'>quibus</span> <span class='ocrx_word' id='word_1_169' title='bbox 714 2218 1008 2273; x_wconf 87' lang='lat' dir='ltr'>Christiani</span> <span class='ocrx_word' id='word_1_170' title='bbox 1063 2217 1347 2287; x_wconf 90' lang='lat' dir='ltr'>potissime</span> <span class='ocrx_word' id='word_1_171' title='bbox 1397 2225 1639 2282; x_wconf 86' lang='lat' dir='ltr'>utantur,</span> <span class='ocrx_word' id='word_1_172' title='bbox 1676 2219 1943 2272; x_wconf 84' lang='lat' dir='ltr'>exercitus</span> <span class='ocrx_word' id='word_1_173' title='bbox 1995 2230 2215 2290; x_wconf 86' lang='lat' dir='ltr'>paratus</span> <span class='ocrx_word' id='word_1_174' title='bbox 2260 2231 2344 2276; x_wconf 90' lang='lat' dir='ltr'>est</span> <span class='ocrx_word' id='word_1_175' title='bbox 2396 2233 2453 2277; x_wconf 90' lang='lat' dir='ltr'>et</span> 
     </span>
     <span class='ocr_line' id='line_1_27' title="bbox 448 2304 2397 2376; baseline -0.004 -18"><span class='ocrx_word' id='word_1_176' title='bbox 448 2306 890 2376; x_wconf 88' lang='lat' dir='ltr'>promptissimus</span> <span class='ocrx_word' id='word_1_177' title='bbox 917 2305 1091 2358; x_wconf 87' lang='lat' dir='ltr'>clerus</span> <span class='ocrx_word' id='word_1_178' title='bbox 1116 2304 1251 2373; x_wconf 89' lang='lat' dir='ltr'>ipse.</span> <span class='ocrx_word' id='word_1_179' title='bbox 2396 2309 2397 2312; x_wconf 78' lang='grc'>’</span> 
     </span>
    </p>

    <p class='ocr_par' dir='ltr' id='par_1_10' title="bbox 448 2387 2459 2875">
     <span class='ocr_line' id='line_1_28' title="bbox 525 2387 2453 2460; baseline 0.002 -16"><span class='ocrx_word' id='word_1_180' title='bbox 525 2392 786 2445; x_wconf 85' lang='lat' dir='ltr'>Predictis</span> <span class='ocrx_word' id='word_1_181' title='bbox 837 2409 963 2444; x_wconf 86' lang='lat' dir='ltr'>vero</span> <span class='ocrx_word' id='word_1_182' title='bbox 1003 2387 1403 2459; x_wconf 85' lang='lat' dir='ltr'>gravaminibus</span> <span class='ocrx_word' id='word_1_183' title='bbox 1455 2388 1532 2440; x_wconf 91' lang='lat' dir='ltr'>sic</span> <span class='ocrx_word' id='word_1_184' title='bbox 1583 2390 1835 2455; x_wconf 85' lang='lat' dir='ltr'>ostensis,</span> <span class='ocrx_word' id='word_1_185' title='bbox 1885 2391 2198 2460; x_wconf 88' lang='lat' dir='ltr'>adjecerunt</span> <span class='ocrx_word' id='word_1_186' title='bbox 2246 2412 2453 2460; x_wconf 82' lang='lat' dir='ltr'>omneS,</span> 
     </span>
     <span class='ocr_line' id='line_1_29' title="bbox 448 2473 2454 2547; baseline 0.001 -17"><span class='ocrx_word' id='word_1_187' title='bbox 448 2477 690 2547; x_wconf 88' lang='lat' dir='ltr'>exceptis</span> <span class='ocrx_word' id='word_1_188' title='bbox 718 2476 955 2546; x_wconf 85' lang='lat' dir='ltr'>prelatiS,</span> <span class='ocrx_word' id='word_1_189' title='bbox 997 2475 1142 2545; x_wconf 89' lang='lat' dir='ltr'>quod</span> <span class='ocrx_word' id='word_1_190' title='bbox 1184 2474 1241 2525; x_wconf 90' lang='lat' dir='ltr'>in</span> <span class='ocrx_word' id='word_1_191' title='bbox 1281 2473 1549 2543; x_wconf 89' lang='lat' dir='ltr'>peticione</span> <span class='ocrx_word' id='word_1_192' title='bbox 1577 2474 1782 2526; x_wconf 90' lang='lat' dir='ltr'>domini</span> <span class='ocrx_word' id='word_1_193' title='bbox 1810 2476 1973 2546; x_wconf 87' lang='lat' dir='ltr'>Regis</span> <span class='ocrx_word' id='word_1_194' title='bbox 1999 2478 2143 2546; x_wconf 76' lang='lat' dir='ltr'>a&#39;pud</span> <span class='ocrx_word' id='word_1_195' title='bbox 2184 2478 2237 2530; x_wconf 96' lang='lat' dir='ltr'>N</span> <span class='ocrx_word' id='word_1_196' title='bbox 2241 2481 2454 2532; x_wconf 86' lang='lat' dir='ltr'>orbam·</span> 
     </span>
     <span class='ocr_line' id='line_1_30' title="bbox 452 2558 2457 2631; baseline 0 -15"><span class='ocrx_word' id='word_1_197' title='bbox 452 2564 657 2616; x_wconf 90' lang='lat' dir='ltr'>toniam</span> <span class='ocrx_word' id='word_1_198' title='bbox 683 2564 841 2627; x_wconf 89' lang='lat' dir='ltr'>facta,</span> <span class='ocrx_word' id='word_1_199' title='bbox 870 2560 971 2614; x_wconf 88' lang='lat' dir='ltr'>sibi</span> <span class='ocrx_word' id='word_1_200' title='bbox 995 2560 1305 2612; x_wconf 91' lang='lat' dir='ltr'>inconsulto</span> <span class='ocrx_word' id='word_1_201' title='bbox 1331 2577 1471 2628; x_wconf 86' lang='lat' dir='ltr'>papa</span> <span class='ocrx_word' id='word_1_202' title='bbox 1490 2558 1777 2613; x_wconf 84' lang='lat' dir='ltr'>subvenire</span> <span class='ocrx_word' id='word_1_203' title='bbox 1805 2580 1916 2614; x_wconf 88' lang='lat' dir='ltr'>non</span> <span class='ocrx_word' id='word_1_204' title='bbox 1941 2571 2255 2631; x_wconf 89' lang='lat' dir='ltr'>potuerunt.</span> <span class='ocrx_word' id='word_1_205' title='bbox 2307 2564 2457 2617; x_wconf 90' lang='lat' dir='ltr'>Con-</span> 
     </span>
     <span class='ocr_line' id='line_1_31' title="bbox 455 2644 2459 2719; baseline 0 -17"><span class='ocrx_word' id='word_1_206' title='bbox 455 2656 734 2703; x_wconf 88' lang='lat' dir='ltr'>cesserunt</span> <span class='ocrx_word' id='word_1_207' title='bbox 775 2655 957 2700; x_wconf 86' lang='lat' dir='ltr'>tamen</span> <span class='ocrx_word' id='word_1_208' title='bbox 992 2653 1105 2698; x_wconf 88' lang='lat' dir='ltr'>tam</span> <span class='ocrx_word' id='word_1_209' title='bbox 1131 2644 1323 2714; x_wconf 89' lang='lat' dir='ltr'>prelati</span> <span class='ocrx_word' id='word_1_210' title='bbox 1369 2663 1529 2714; x_wconf 89' lang='lat' dir='ltr'>quam</span> <span class='ocrx_word' id='word_1_211' title='bbox 1570 2645 1748 2698; x_wconf 88' lang='lat' dir='ltr'>clerici</span> <span class='ocrx_word' id='word_1_212' title='bbox 1799 2646 2020 2700; x_wconf 88' lang='lat' dir='ltr'>domino</span> <span class='ocrx_word' id='word_1_213' title='bbox 2073 2649 2208 2719; x_wconf 83' lang='lat' dir='ltr'>Regi</span> <span class='ocrx_word' id='word_1_214' title='bbox 2250 2650 2459 2703; x_wconf 89' lang='lat' dir='ltr'>tricesi-</span> 
     </span>
     <span class='ocr_line' id='line_1_32' title="bbox 455 2730 2456 2805; baseline 0 -17"><span class='ocrx_word' id='word_1_215' title='bbox 455 2755 600 2788; x_wconf 89' lang='lat' dir='ltr'>mam</span> <span class='ocrx_word' id='word_1_216' title='bbox 627 2734 925 2788; x_wconf 87' lang='lat' dir='ltr'>secundum</span> <span class='ocrx_word' id='word_1_217' title='bbox 964 2733 1194 2784; x_wconf 85' lang='lat' dir='ltr'>formam</span> <span class='ocrx_word' id='word_1_218' title='bbox 1222 2749 1382 2800; x_wconf 88' lang='lat' dir='ltr'>quam</span> <span class='ocrx_word' id='word_1_219' title='bbox 1408 2730 1529 2782; x_wconf 90' lang='lat' dir='ltr'>laici</span> <span class='ocrx_word' id='word_1_220' title='bbox 1556 2741 1960 2799; x_wconf 89' lang='lat' dir='ltr'>concesserunt,</span> <span class='ocrx_word' id='word_1_221' title='bbox 1987 2742 2049 2787; x_wconf 92' lang='lat' dir='ltr'>ut</span> <span class='ocrx_word' id='word_1_222' title='bbox 2087 2736 2456 2805; x_wconf 86' lang='lat' dir='ltr'>supradictum</span> 
     </span>
     <span class='ocr_line' id='line_1_33' title="bbox 457 2831 557 2875; baseline -0.01 0"><span class='ocrx_word' id='word_1_223' title='bbox 457 2831 557 2875; x_wconf 91' lang='lat' dir='ltr'>est.</span> 
     </span>
    </p>

    <p class='ocr_par' dir='ltr' id='par_1_11' title="bbox 461 2902 2459 3301">
     <span class='ocr_line' id='line_1_34' title="bbox 531 2902 2459 2975; baseline 0.001 -16"><span class='ocrx_word' id='word_1_224' title='bbox 531 2906 713 2959; x_wconf 86' lang='lat' dir='ltr'>David</span> <span class='ocrx_word' id='word_1_225' title='bbox 761 2905 1014 2975; x_wconf 88' lang='lat' dir='ltr'>princeps</span> <span class='ocrx_word' id='word_1_226' title='bbox 1058 2902 1254 2955; x_wconf 88' lang='lat' dir='ltr'>Wallie</span> <span class='ocrx_word' id='word_1_227' title='bbox 1300 2910 1491 2972; x_wconf 88' lang='lat' dir='ltr'>captus</span> <span class='ocrx_word' id='word_1_228' title='bbox 1533 2910 1634 2968; x_wconf 90' lang='lat' dir='ltr'>est,</span> <span class='ocrx_word' id='word_1_229' title='bbox 1675 2912 1731 2956; x_wconf 92' lang='lat' dir='ltr'>et</span> <span class='ocrx_word' id='word_1_230' title='bbox 1768 2905 1950 2958; x_wconf 90' lang='lat' dir='ltr'>omnia</span> <span class='ocrx_word' id='word_1_231' title='bbox 2003 2908 2220 2960; x_wconf 90' lang='lat' dir='ltr'>castella</span> <span class='ocrx_word' id='word_1_232' title='bbox 2264 2908 2459 2961; x_wconf 89' lang='lat' dir='ltr'>Wallie</span> 
     </span>
     <span class='ocr_line' id='line_1_35' title="bbox 461 2988 2454 3063; baseline 0.001 -18"><span class='ocrx_word' id='word_1_233' title='bbox 461 2993 682 3046; x_wconf 89' lang='lat' dir='ltr'>domino</span> <span class='ocrx_word' id='word_1_234' title='bbox 731 2990 866 3060; x_wconf 83' lang='lat' dir='ltr'>Regi</span> <span class='ocrx_word' id='word_1_235' title='bbox 906 2990 1116 3042; x_wconf 87' lang='lat' dir='ltr'>reddita</span> <span class='ocrx_word' id='word_1_236' title='bbox 1167 2998 1311 3041; x_wconf 88' lang='lat' dir='ltr'>sunt.</span> <span class='ocrx_word' id='word_1_237' title='bbox 1388 2989 1463 3040; x_wconf 90' lang='lat' dir='ltr'>Et</span> <span class='ocrx_word' id='word_1_238' title='bbox 1507 2988 1631 3058; x_wconf 86' lang='lat' dir='ltr'>quia</span> <span class='ocrx_word' id='word_1_239' title='bbox 1667 2990 1942 3059; x_wconf 89' lang='lat' dir='ltr'>predictus</span> <span class='ocrx_word' id='word_1_240' title='bbox 1984 2992 2164 3045; x_wconf 87' lang='lat' dir='ltr'>David</span> <span class='ocrx_word' id='word_1_241' title='bbox 2206 3012 2454 3063; x_wconf 86' lang='lat' dir='ltr'>magnam</span> 
     </span>
     <span class='ocr_line' id='line_1_36' title="bbox 463 3074 2458 3144; baseline 0.002 -16"><span class='ocrx_word' id='word_1_242' title='bbox 463 3077 790 3130; x_wconf 88' lang='lat' dir='ltr'>sedicionem</span> <span class='ocrx_word' id='word_1_243' title='bbox 833 3076 1033 3128; x_wconf 87' lang='lat' dir='ltr'>fecerat</span> <span class='ocrx_word' id='word_1_244' title='bbox 1073 3074 1294 3126; x_wconf 91' lang='lat' dir='ltr'>domino</span> <span class='ocrx_word' id='word_1_245' title='bbox 1335 3075 1487 3144; x_wconf 86' lang='lat' dir='ltr'>Regi,</span> <span class='ocrx_word' id='word_1_246' title='bbox 1525 3082 1588 3126; x_wconf 92' lang='lat' dir='ltr'>ut</span> <span class='ocrx_word' id='word_1_247' title='bbox 1626 3076 1994 3144; x_wconf 85' lang='lat' dir='ltr'>supradictum</span> <span class='ocrx_word' id='word_1_248' title='bbox 2033 3085 2134 3143; x_wconf 91' lang='lat' dir='ltr'>est,</span> <span class='ocrx_word' id='word_1_249' title='bbox 2174 3079 2290 3131; x_wconf 87' lang='lat' dir='ltr'>sine</span> <span class='ocrx_word' id='word_1_250' title='bbox 2329 3098 2458 3131; x_wconf 90' lang='lat' dir='ltr'>con-</span> 
     </span>
     <span class='ocr_line' id='line_1_37' title="bbox 463 3159 2459 3232; baseline 0 -18"><span class='ocrx_word' id='word_1_251' title='bbox 463 3163 584 3216; x_wconf 90' lang='lat' dir='ltr'>silio</span> <span class='ocrx_word' id='word_1_252' title='bbox 609 3169 919 3231; x_wconf 89' lang='lat' dir='ltr'>magnatum</span> <span class='ocrx_word' id='word_1_253' title='bbox 946 3160 1122 3212; x_wconf 93' lang='lat' dir='ltr'>noluit</span> <span class='ocrx_word' id='word_1_254' title='bbox 1147 3159 1400 3212; x_wconf 90' lang='lat' dir='ltr'>dominus</span> <span class='ocrx_word' id='word_1_255' title='bbox 1428 3161 1546 3212; x_wconf 88' lang='lat' dir='ltr'>Rex</span> <span class='ocrx_word' id='word_1_256' title='bbox 1584 3162 1730 3231; x_wconf 91' lang='lat' dir='ltr'>quod</span> <span class='ocrx_word' id='word_1_257' title='bbox 1763 3161 1970 3215; x_wconf 85' lang='lat' dir='ltr'>subiret</span> <span class='ocrx_word' id='word_1_258' title='bbox 2003 3163 2289 3232; x_wconf 83' lang='lat' dir='ltr'>judicium,</span> <span class='ocrx_word' id='word_1_259' title='bbox 2315 3164 2459 3215; x_wconf 91' lang='lat' dir='ltr'>unde</span> 
     </span>
     <span class='ocr_line' id='line_1_38' title="bbox 465 3236 2151 3301; baseline 0.001 -2"><span class='ocrx_word' id='word_1_260' title='bbox 465 3236 741 3300; x_wconf 79' lang='lat' dir='ltr'>mandavit</span> <span class='ocrx_word' id='word_1_261' title='bbox 765 3245 986 3299; x_wconf 89' lang='lat' dir='ltr'>cuilibet</span> <span class='ocrx_word' id='word_1_262' title='bbox 1004 3245 1308 3298; x_wconf 87' lang='lat' dir='ltr'>vicecomiti</span> <span class='ocrx_word' id='word_1_263' title='bbox 1333 3245 1495 3299; x_wconf 85' lang='lat' dir='ltr'>breve</span> <span class='ocrx_word' id='word_1_264' title='bbox 1524 3265 1682 3299; x_wconf 93' lang='lat' dir='ltr'>suum</span> <span class='ocrx_word' id='word_1_265' title='bbox 1711 3248 1811 3300; x_wconf 90' lang='lat' dir='ltr'>sub</span> <span class='ocrx_word' id='word_1_266' title='bbox 1837 3248 1937 3299; x_wconf 90' lang='lat' dir='ltr'>hac</span> <span class='ocrx_word' id='word_1_267' title='bbox 1961 3249 2151 3301; x_wconf 88' lang='lat' dir='ltr'>forma.</span> 
     </span>
    </p>

    <p class='ocr_par' dir='ltr' id='par_1_12' title="bbox 466 3331 2461 3486">
     <span class='ocr_line' id='line_1_39' title="bbox 538 3331 2461 3400; baseline -0.001 -16"><span class='ocrx_word' id='word_1_268' title='bbox 538 3334 657 3384; x_wconf 87' lang='lat' dir='ltr'>Rex</span> <span class='ocrx_word' id='word_1_269' title='bbox 681 3331 986 3384; x_wconf 88' lang='lat' dir='ltr'>vicecomiti</span> <span class='ocrx_word' id='word_1_270' title='bbox 1012 3332 1258 3384; x_wconf 88' lang='lat' dir='ltr'>salutem.</span> <span class='ocrx_word' id='word_1_271' title='bbox 1336 3332 1488 3386; x_wconf 74' lang='lat' dir='ltr'>Quot</span> <span class='ocrx_word' id='word_1_272' title='bbox 1526 3333 1776 3385; x_wconf 82' lang='lat' dir='ltr'>fraudum</span> <span class='ocrx_word' id='word_1_273' title='bbox 1797 3341 1852 3385; x_wconf 92' lang='lat' dir='ltr'>et</span> <span class='ocrx_word' id='word_1_274' title='bbox 1878 3333 2342 3385; x_wconf 87' lang='lat' dir='ltr'>machinacionum</span> <span class='ocrx_word' id='word_1_275' title='bbox 2370 3350 2461 3400; x_wconf 87' lang='lat' dir='ltr'>ge-</span> 
     </span>
     <span class='ocr_line' id='line_1_40' title="bbox 466 3416 2461 3486; baseline -0.002 -15"><span class='ocrx_word' id='word_1_276' title='bbox 466 3417 687 3471; x_wconf 83' lang='lat' dir='ltr'>neribus</span> <span class='ocrx_word' id='word_1_277' title='bbox 711 3416 895 3485; x_wconf 82' lang='lat' dir='ltr'>lingua</span> <span class='ocrx_word' id='word_1_278' title='bbox 918 3416 1195 3469; x_wconf 81' lang='lat' dir='ltr'>Walensis&#39;</span> <span class='ocrx_word' id='word_1_279' title='bbox 1233 3417 1298 3469; x_wconf 89' lang='lat' dir='ltr'>ad</span> <span class='ocrx_word' id='word_1_280' title='bbox 1339 3417 1511 3470; x_wconf 85' lang='lat' dir='ltr'>instar</span> <span class='ocrx_word' id='word_1_281' title='bbox 1536 3417 1780 3486; x_wconf 89' lang='lat' dir='ltr'>vulpium</span> <span class='ocrx_word' id='word_1_282' title='bbox 1808 3418 2180 3486; x_wconf 91' lang='lat' dir='ltr'>progenitores</span> <span class='ocrx_word' id='word_1_283' title='bbox 2224 3424 2461 3479; x_wconf 81' lang='lat' dir='ltr'>nostrOS,</span> 
     </span>
    </p>
   </div>
  </div>
 </body>
</html>
