2774 3952
59 981 264 1032 Allegacio
270 1010 278 1020 .

60 1585 288 1636 Responsio.

427 406 496 461 70
956 414 1310 452 cnaomcoiv
1338 416 1893 453 PETROBURGENSE.·

427 551 540 596 tem
583 542 826 613 ejusdem
871 542 1179 606 comitatUS,
1224 542 1372 612 quod
1411 541 1756 611 distringeret
1792 542 1974 611 ipsum
2013 559 2112 612 pro
2138 560 2229 594 xx.
2256 540 2441 594 solidis

430 647 567 699 quos
581 628 904 699 promiserat
919 628 972 679 in
1001 627 1314 681 cancellaria
1334 627 1539 680 domini
1564 627 1728 697 Regis
1747 645 1847 696 pro
1866 628 2251 697 impetracione
2275 628 2441 680 trium

429 715 674 769 brevium
714 715 771 766 in
807 714 992 767 eadem
1028 713 1340 767 cancellaria
1364 714 1794 784 impetratorum,
1822 720 1878 765 et
1903 713 2028 783 quia
2050 714 2324 783 predictus
2343 713 2381 766 J
2385 731 2443 766 o-

430 803 637 854 hannes
675 800 946 870 predictos
972 819 1060 854 xx.
1089 800 1290 853 solidos
1329 800 1553 853 reddere
1591 799 1935 863 contradixit,
1963 798 2239 851 distrinxit
2261 798 2442 868 ipsum

431 906 528 957 per
551 887 824 957 predictos
851 886 1037 939 boves,

504 974 581 1026 Et
621 973 797 1026 dictus
822 972 1105 1026 Johannes
1133 972 1283 1038 dicit,
1323 973 1470 1042 quod
1496 972 1662 1025 habet
1686 981 1969 1026 returnum
2009 971 2256 1024 brevium
2302 970 2443 1025 sicut

431 1059 735 1129 predictum
760 1066 875 1124 est3
935 1059 1031 1111 sed
1070 1059 1202 1111 dicit
1227 1059 1372 1129 quod
1398 1059 1675 1129 predictus
1714 1059 1882 1112 abbas
1927 1059 2072 1129 cepit
2109 1057 2288 1111 averia
2323 1076 2444 1127 pre-

431 1146 589 1210 dicta,
615 1153 671 1198 et
694 1164 793 1215 per
818 1145 1122 1214 predictum
1149 1146 1486 1198 Willelmum
1526 1164 1715 1216 capere
1740 1147 1887 1213 fecit,
1913 1154 2066 1199 extra
2103 1145 2440 1215 precinctum

429 1232 659 1302 predicti
681 1231 970 1296 hundredi,
997 1239 1052 1284 et
1077 1239 1229 1285 extra
1253 1231 1560 1285 libertatern
1588 1251 1742 1285 suam
1763 1254 1778 1298 3
1815 1241 1870 1286 et
1895 1233 2106 1286 desicut
2132 1231 2183 1284 ei
2207 1231 2440 1302 aliquam

430 1318 829 1371 districcionem
867 1319 1041 1371 facere
1079 1325 1234 1371 extra
1269 1318 1610 1388 precinctum
1651 1338 1811 1371 suum
1850 1327 1907 1373 et
1943 1319 2250 1372 libertatem
2290 1337 2442 1371 suam

430 1423 528 1475 pro
568 1405 746 1475 aliquo
783 1404 966 1457 debito
1010 1404 1240 1457 levando
1290 1405 1429 1474 petit
1466 1405 1734 1475 judicium
1778 1406 1845 1458 de
1888 1405 2092 1475 injusta
2132 1424 2230 1457 sua
2256 1406 2441 1457 deten-

434 1491 606 1544 cione.

504 1578 582 1629 Et
622 1576 789 1629 abbas
848 1576 978 1629 dicit
1019 1575 1166 1646 quod
1215 1575 1359 1646 cepit
1407 1576 1648 1646 predicta
1692 1576 1868 1630 averia
1909 1584 1964 1630 et
2000 1595 2097 1647 per
2137 1576 2439 1646 predictum

431 1664 767 1717 Willelmum
783 1681 971 1734 capere
997 1663 1142 1728 fecit,
1158 1663 1296 1715 infra
1311 1663 1648 1733 precinctum
1674 1663 1903 1732 predicti
1931 1663 2201 1718 hundredi
2224 1671 2281 1716 et
2304 1663 2443 1716 infra

428 1750 731 1803 libertatem
760 1769 932 1814 suam,
969 1758 1024 1802 et
1050 1750 1116 1801 de
1154 1750 1259 1802 hoe
1297 1749 1455 1819 ponit
1500 1767 1556 1801 se
1603 1767 1765 1819 super
1789 1749 2037 1819 patriam,
2071 1758 2127 1802 et
2159 1750 2441 1802 ,Iohannes

430 1835 691 1888 similiter.
769 1835 901 1887 Ideo
927 1841 1245 1905 preceptum
1272 1841 1355 1886 est
1378 1834 1686 1886 vicecomiti
1731 1835 1878 1904 quod
1903 1835 2087 1887 venire
2111 1833 2272 1887 faciat
2296 1835 2442 1904 apud

430 1921 721 1991 Sallopiam
762 1921 820 1973 in
861 1921 1099 1973 crastino
1134 1921 1458 1972 Animarum
1505 1920 1615 1973 ‚xii.
1659 1938 1758 1990 per
1784 1939 1940 1990 quos,
1980 1928 2083 1974 etc·
2111 1928 2166 1974 et
2210 1921 2303 1991 qui
2339 1939 2440 1974 nec

428 2015 530 2060 ete.
557 2007 625 2058 ad
651 2007 1151 2077 recognoscendum
1177 2014 1279 2060 etc.
1308 2006 1433 2076 quia
1457 2014 1570 2059 tam
1597 2013 1700 2059 etc.

498 2094 588 2146 Ad
627 2111 788 2163 quem
827 2093 969 2146 diem
1003 2094 1183 2163 jurata
1225 2111 1337 2145 non
1380 2092 1534 2145 venit
1572 2100 1628 2145 et
1666 2093 1890 2162 ponitur
1932 2092 1990 2144 in
2039 2101 2293 2163 respectu
2341 2112 2440 2164 pro

428 2181 640 2234 defectu
658 2181 961 2249 jurator-um
981 2197 1154 2249 usque
1179 2179 1237 2230 in
1263 2178 1482 2232 octabas
1510 2178 1683 2231 sancti
1711 2179 1877 2231 Illarii
1897 2200 1912 2244 ;
1939 2186 1995 2231 et
2019 2179 2086 2231 ab
2106 2180 2200 2233 illo
2219 2181 2443 2250 ponitur

425 2267 480 2318 in
507 2274 757 2336 respectu
781 2284 956 2336 usque
977 2266 1045 2318 ad
1071 2265 1401 2336 quindenam
1429 2265 1653 2318 Pasehe.
1692 2265 1781 2317 Ad
1807 2284 1970 2335 quem
1998 2266 2142 2319 diem
2167 2267 2442 2336 predictus

427 2354 463 2407 J
466 2354 707 2406 ohannes
732 2353 837 2405 fuit
862 2352 1186 2416 essoniatuS,
1206 2359 1262 2404 et
1287 2351 1454 2404 abbas
1489 2351 1641 2404 venit
1665 2370 1763 2422 per
1787 2359 2141 2418 attornatum,
2167 2360 2223 2406 et
2237 2353 2441 2407 habent

428 2440 570 2492 diem
594 2457 766 2508 usque
789 2439 847 2489 in
886 2437 1104 2490 octabas
1133 2445 1315 2490 sancte
1340 2438 1642 2503 Trinitatis,
1670 2446 1725 2490 et
1761 2445 1893 2491 tunc
1924 2439 2102 2509 jurata
2127 2440 2348 2509 ponitur
2383 2440 2442 2492 in

428 2531 676 2593 respectu
702 2541 872 2593 usque
916 2524 973 2574 in
1018 2523 1255 2574 crastino
1282 2522 1625 2587 Animarum,
1665 2523 1772 2575 nisi
1797 2523 1835 2576 J
1838 2524 2080 2577 ohannes
2107 2525 2174 2577 de
2201 2526 2441 2579 Luvetot

61 2622 162 2673 (sol.
178 2622 404 2676 xcviiimo.)
429 2618 485 2663 et
508 2609 815 2662 Willelmus
843 2609 910 2661 de
937 2609 1278 2678 Brumptona
1298 2607 1583 2678 justiciarii
1610 2609 1761 2678 prius
1788 2610 1856 2661 ad
1881 2615 1902 2675 s
1927 2618 2107 2679 partes
2133 2611 2251 2663 illas
2275 2630 2439 2665 vene-

428 2697 555 2749 rint.
623 2694 709 2748 Ad
739 2714 898 2765 quem
938 2695 1082 2747 diem
1102 2696 1281 2765 jurata
1319 2694 1516 2747 iterum
1543 2694 1766 2764 ponitur
1807 2695 1863 2746 in
1890 2703 2143 2765 respectu
2166 2715 2338 2767 usque
2380 2698 2438 2750 in

429 2782 755 2853 quindenam
803 2782 1025 2847 Pasche,
1074 2780 1180 2832 nisi
1219 2779 1349 2832 dieti
1393 2780 1430 2832 J
1434 2780 1676 2832 ohannes
1726 2788 1780 2832 et
1822 2780 2150 2846 WillelmuS,
2194 2790 2297 2836 etc.
2336 2802 2437 2853 pro

429 2869 641 2922 defectu
652 2869 975 2938 juratorum,
996 2867 1120 2937 quia
1144 2866 1328 2920 nullus
1346 2873 1478 2918 tunc
1503 2866 1671 2918 venit.
1711 2867 1786 2918 Et
1811 2874 1935 2919 ante
1954 2866 2256 2936 predictum
2276 2868 2438 2936 diem,

427 2953 676 3006 videlicet
700 2952 757 3003 in
783 2952 1018 3005 crastino
1057 2950 1225 3003 clausi
1262 2951 1486 3016 Pasche,
1530 2951 1682 3003 venit
1706 2953 1853 3022 apud
1879 2953 2124 3022 Burgum
2162 2953 2437 3022 predictus

427 3039 734 3092 Willelmus
761 3038 828 3090 de
855 3038 1199 3106 Brumptona
1225 3037 1292 3088 ad
1318 3037 1647 3089 audiendum
1675 3045 1730 3090 et
1748 3038 2104 3106 judicandum
2130 3057 2292 3109 super
2315 3059 2437 3109 pre-

428 3125 607 3178 missis
635 3124 933 3177 secundum
959 3141 1274 3193 processum
1299 3130 1669 3193 prenotatum.

499 3212 691 3266 Jurata
714 3210 865 3263 venit
889 3217 945 3262 et
970 3209 1100 3262 dicit
1137 3226 1235 3278 per
1261 3216 1654 3262 sacramentum
1685 3229 1843 3262 suum
1870 3211 2016 3280 quod
2042 3211 2221 3264 dictus
2264 3213 2436 3280 locUS,

428 3298 519 3368 qui
546 3304 769 3351 vocatur
798 3296 986 3361 Holm,
1031 3303 1115 3348 est
1139 3295 1278 3347 infra
1302 3295 1636 3364 precinctum
1663 3296 1934 3349 hundredi
1960 3297 2026 3349 de
2073 3298 2436 3354 Houkeslawe

426 3392 481 3436 et
505 3384 644 3436 infra
667 3382 973 3436 libertatem
998 3381 1213 3434 abbatis
1253 3380 1500 3450 predicti,
1536 3381 1631 3434 ubi
1657 3390 1815 3451 capta
1840 3383 2061 3436 fuerunt
2099 3385 2277 3438 averia
2314 3404 2435 3454 pre-
