2774 3952
37 3397 138 3450 (foe.
155 3398 228 3437 cxi.
247 3399 325 3450 vo.)

423 424 525 478 106
951 434 1308 478 onnomcoN
1338 424 1888 478 PETROBURGENSFLT

494 571 634 622 Item
687 570 732 621 si
791 568 975 620 ballivi
1017 568 1156 620 infra
1198 568 1474 621 libertates
1526 569 1612 620 vel
1658 576 1809 620 extra
1851 555 2125 620 veteribus
2170 568 2422 621 extractis

418 666 657 720 utantur,
683 674 779 726 per
804 675 935 726 quas
964 656 1064 708 sibi
1090 656 1402 726 peccuniam
1430 655 1714 725 adquirant
1741 653 2011 706 maliciose
2037 661 2092 706 et
2115 654 2371 707 indebite.

494 743 634 794 Item
662 742 727 794 de
766 743 870 794 illis
897 742 988 812 qui
1020 743 1254 795 clamant
1292 741 1565 793 libertates
1599 740 1796 792 habere
1822 746 1877 792 et
1919 746 2284 807 wapentacam
2312 740 2425 791 sive

418 829 779 892 hundredum,
807 836 861 880 et
887 848 917 880 a
943 846 1048 897 quo
1075 836 1319 896 tempore
1346 845 1407 878 ea
1431 826 1753 890 habuerunt,
1796 834 1851 878 et
1891 824 2135 893 qualiter,
2179 832 2232 876 et
2274 823 2320 875 si
2362 842 2424 876 ea

419 919 704 962 teneantur
728 911 900 962 facere
925 910 1051 963 inde
1077 910 1293 979 aliquod
1332 909 1615 961 servicium
1644 909 1865 961 domino
1893 909 2045 979 Regi,
2071 909 2159 962 vel
2183 927 2424 961 annuum

418 996 708 1061 redditum,
735 1004 790 1048 et
815 997 1040 1065 qualiter
1063 995 1402 1048 libertatibus
1428 995 1513 1046 usi
1538 996 1754 1048 fuerint.

491 1082 631 1133 Item
670 1082 1079 1150 'premuniantur
1116 1100 1305 1134 omnes
1342 1082 1433 1150 qui
1460 1081 1821 1151 querimonias
1859 1083 2031 1135 facere
2057 1082 2250 1135 volunt
2286 1082 2425 1134 vice-

415 1166 704 1219 comitibus
724 1167 810 1218 vel
835 1166 1044 1219 ballivis
1072 1165 1500 1235 quibuscumque
1527 1167 1592 1235 de
1619 1168 2136 1237 transgressionibus
2164 1172 2225 1220 et'
2243 1186 2427 1220 exces-

416 1252 565 1303 sibus
591 1270 798 1316 eorum,
825 1251 971 1321 quod
997 1251 1107 1303 sint
1151 1270 1331 1304 coram
1356 1252 1714 1304 Thesaurario
1742 1255 1811 1304 ad
1837 1253 1979 1306 diem
2008 1260 2064 1306 et
2100 1253 2281 1305 locum
2306 1270 2429 1322 pre-

413 1337 582 1389 fixum
609 1337 851 1406 querelas
880 1355 1003 1388 suas
1030 1337 1320 1389 ostensuri.

488 1422 631 1474 Item
671 1422 817 1491 quod
857 1440 1046 1474 omnes
1088 1421 1181 1490 qui
1222 1421 1396 1474 tallias
1440 1421 1645 1475 habent
1687 1423 1754 1476 de
1793 1423 1990 1477 debitis
2029 1423 2236 1476 domini
2263 1422 2426 1492 Regis

414 1508 605 1561 solutis
632 1507 1040 1560 vicecomitibus
1066 1507 1153 1560 vel
1196 1507 1426 1572 ballivis,
1452 1509 1599 1578 quod
1643 1517 1774 1562 tunc
1800 1527 1889 1561 eas
1917 1510 2180 1562 defferant
2221 1509 2425 1562 ibidem

413 1613 593 1647 coram
628 1593 979 1658 thesaurario,
1018 1593 1165 1662 quod
1208 1593 1254 1645 si
1297 1612 1409 1646 non
1446 1594 1689 1660 fecerint,
1730 1614 2008 1664 nunquam
2036 1595 2425 1664 aquietanciam

411 1681 538 1733 i-nde
563 1679 842 1733 habebunt
866 1680 920 1732 in
948 1681 1211 1732 futurum.

487 1767 626 1819 Item
655 1766 746 1836 qui
789 1766 993 1819 habent
1031 1765 1205 1818 tallias
1232 1766 1299 1818 de
1326 1766 1602 1819 Scaccario
1631 1766 1813 1836 Regis,
1840 1767 1986 1836 quod
2025 1774 2157 1819 tunc
2196 1765 2428 1819 liberent

413 1869 502 1904 eas
527 1850 745 1904 ibidem.

484 1942 506 2003 l
533 1938 674 1990 Item
716 1937 762 1989 si
793 1937 984 2007 aliquis
1024 1937 1110 1990 bis
1154 1938 1241 1990 vel
1266 1946 1366 2002 ter,
1390 1938 1478 1990 vel
1520 1937 1722 2007 pluries
1750 1938 1972 1990 solverit
2012 1936 2194 1989 debita
2220 1937 2427 1989 domini

413 2024 594 2093 Regis,
620 2023 765 2093 quod
809 2023 1200 2093 querimoniam
1227 2042 1381 2076 suam
1422 2024 1547 2076 inde
1573 2033 1861 2094 proponat,
1893 2032 1957 2076 ut
1994 2023 2270 2093 justiciam
2294 2032 2426 2076 tunc

411 2117 772 2179 consequatur
795 2109 1017 2162 ibidem.

482 2196 625 2249 Item
667 2196 713 2247 si
753 2195 969 2265 aliquod
996 2196 1218 2249 domino
1245 2196 1380 2265 Regi
1405 2197 1567 2249 fuerit
1607 2195 1944 2249 subtractum
1971 2195 2038 2248 de
2057 2195 2179 2265 jure
2206 2213 2304 2247 suo
2331 2211 2429 2264 per

408 2301 564 2352 qu08‚
590 2290 646 2334 et
671 2301 701 2333 a
727 2300 834 2351 quo
863 2290 1124 2351 tempore,
1153 2290 1208 2335 et
1234 2283 1382 2353 quid,
1408 2291 1464 2336 et
1489 2291 1773 2352 quantum.

483 2370 624 2422 Item
666 2369 866 2438 siquid
906 2369 963 2421 in
988 2369 1311 2439 wapentacis
1337 2369 1423 2423 vel
1466 2369 1761 2421 hundredis
1805 2368 2062 2438 predictis
2090 2368 2156 2420 de
2195 2369 2318 2439 jure
2358 2368 2428 2421 ad

411 2455 613 2523 Regem
641 2455 907 2524 pertinere
934 2455 1143 2519 debeat,
1168 2455 1314 2507 unde
1341 2454 1555 2506 seisitus
1582 2472 1693 2506 non
1720 2461 1821 2506 est.

485 2539 625 2590 Item
653 2538 720 2590 de
744 2538 1150 2590 liberationibus
1175 2539 1486 2609 gayolarum
1512 2539 1566 2590 in
1596 2538 1792 2607 quibus
1818 2538 1951 2591 locis
1978 2538 2135 2591 fiunt.

484 2623 627 2674 Item
672 2622 738 2679 de
763 2622 1179 2691 prisonamentis
1206 2631 1262 2674 et
1299 2622 1611 2691 prisonibus
1637 2622 1897 2688 liberatiS,
1924 2631 1980 2675 et
2024 2623 2254 2692 qualiter
2292 2623 2427 2676 libe-

410 2716 615 2772 rantur,
641 2715 696 2759 et
721 2706 917 2776 quibus
944 2707 1095 2759 locis·

485 2795 627 2846 Item
671 2793 738 2844 de
765 2793 1033 2862 serjantiis
1078 2793 1144 2844 de
1183 2810 1328 2845 novo
1373 2791 1616 2843 alienatis
1662 2800 1717 2844 et
1761 2811 1870 2844 non
1899 2793 2178 2857 arentatiS,
2217 2792 2311 2861 qui
2336 2810 2425 2845 eas

410 2879 793 2940 alienaverunt,
823 2889 878 2931 et
904 2878 1119 2947 quibus,
1145 2886 1200 2930 et
1225 2878 1499 2947 quomodo
1525 2895 1615 2929 eas
1641 2886 1878 2930 teneant.

483 2964 625 3016 Item
647 2963 712 3015 de
729 2963 946 3015 assartis
967 2973 1022 3016 et
1046 2963 1410 3032 purpresturis
1439 2982 1548 3015 non
1574 2964 1848 3016 arentatiS.
1936 2963 2078 3016 Item
2100 2963 2166 3017 de
2182 2964 2425 3023 escaetiS,

482 3047 623 3101 Item
651 3048 717 3100 de
754 3048 1038 3100 dominicis
1076 3048 1474 3117 pertinentibus
1513 3049 1581 3100 ad
1606 3067 1877 3114 coronam,
1905 3049 1997 3119 qui
2031 3068 2093 3102 ea
2127 3058 2333 3114 tenent,
2372 3059 2428 3103 et

405 3148 463 3200 in
490 3133 685 3204 quibus
707 3133 866 3198 villis,
893 3143 948 3185 et
973 3134 1266 3203 quomodO,
1293 3142 1349 3186 et
1374 3154 1404 3186 a
1430 3153 1537 3203 quo
1563 3143 1828 3205 tempore,
1849 3145 1904 3188 et
1928 3136 1996 3188 ad
2023 3155 2184 3206 quem
2203 3138 2425 3206 Regem,

407 3229 463 3273 et
513 3219 559 3272 si
609 3219 812 3289 aliquid
862 3219 1178 3288 hujusmodi
1229 3219 1561 3272 dominicum
1604 3238 1844 3290 unquam
1894 3222 2144 3291 pervenit
2187 3223 2255 3275 ad
2300 3241 2426 3276 eum

408 3323 614 3370 casum,
640 3304 786 3374 quod
813 3302 976 3356 debet
1001 3321 1121 3356 esse
1144 3311 1417 3355 escaetum
1448 3303 1654 3356 domini
1681 3304 1863 3373 Regis.

482 3397 503 3458 s
531 3391 706 3443 Breve
734 3391 896 3459 Regis
922 3408 1021 3461 pro
1049 3389 1274 3442 Wlneto
1301 3389 1368 3441 de
1398 3388 1758 3460 Kempstona.
