2774 3952
418 411 488 458 50
946 419 1299 455 CHRONICON
1332 419 1874 455 PETROBURGENSE.

419 545 824 601 condicionibus
851 563 946 614 per
973 545 1274 598 Officialem
1301 544 1507 597 domini
1541 543 1902 596 archidiaconi
1926 542 2321 595 Norbamtonie
2348 544 2414 595 de

412 634 666 686 mandato
692 639 873 685 vestro
902 633 1041 685 facta
1068 633 1211 684 dicat
1234 632 1415 702 ipsum
1441 630 1658 701 penitus
1686 647 1804 682 esse
1828 628 2095 697 ignotum.

487 722 764 772 Protestor
788 719 949 772 etiam
976 720 1042 771 de
1069 719 1184 771 aliis
1212 718 1626 788 excepcionibus
1647 724 1702 769 et
1722 714 2127 769 defensionibus
2146 715 2413 768 dictorum

416 804 758 856 dominorum
785 821 1046 867 meorum,
1072 821 1171 872 pro
1197 804 1316 856 loco
1343 811 1398 855 et
1422 811 1667 871 tempore
1693 799 2062 870 proponendis
2090 807 2204 851 tam
2229 809 2416 852 contra

415 907 701 959 personam
729 888 857 940 dicti
883 888 1145 940 Willelmi
1171 907 1332 958 quam
1367 896 1553 941 contra
1577 887 1783 939 litteras
1809 886 1982 955 ipsius
2010 892 2334 937 memoratas
2360 894 2415 938 et

414 993 596 1027 earum
621 973 752 1038 vim,
779 973 1049 1037 effectum,
1076 991 1173 1025 seu
1198 974 1472 1025 virtutem.

486 1062 618 1112 Post
656 1059 979 1127 prescriptas
1031 1059 1381 1128 excepciones
1431 1059 1758 1129 propositaS‚
1816 1059 2070 1112 dominus
2123 1058 2411 1128 episcopus

411 1146 627 1198 easdem
656 1144 905 1212 signavit.

481 1231 556 1281 Et
590 1230 765 1281 dictus
791 1229 1099 1281 Willelmus
1129 1229 1416 1298 Campiun,
1442 1228 1654 1281 traditis
1687 1229 1790 1281 sibi
1816 1228 2232 1300 excepcionibus
2258 1229 2412 1298 ipsiS,

409 1317 570 1368 alium
619 1316 859 1367 libellum
912 1316 1153 1385 porrexit
1192 1315 1668 1368 convencionalem
1714 1323 1769 1367 et
1819 1315 2044 1367 tradidit
2081 1315 2414 1384 procuratori

409 1410 711 1473 prenotato,
787 1403 863 1453 Et
913 1403 1222 1472 Episcopus
1271 1402 1546 1472 predictus
1597 1402 1773 1454 eidem
1821 1402 2157 1471 procuratori
2207 1420 2267 1454 ac
2318 1402 2414 1454 do-

409 1489 571 1541 minis
611 1489 723 1540 suis
773 1488 830 1539 in
880 1508 1113 1558 persona
1162 1489 1333 1558 ipsius
1378 1488 1595 1558 prefixit
1646 1488 1789 1540 diem
1828 1488 2083 1557 proximo
2122 1488 2413 1557 juridicum

409 1582 533 1626 ante
582 1575 781 1625 festum
835 1581 1018 1625 sancte
1071 1574 1331 1625 Katerine
1373 1574 1518 1642 apud
1571 1574 1838 1626 Brakkele
1880 1574 1947 1625 ad
1998 1570 2412 1643 proponendum

410 1661 600 1720 adhuc,
656 1659 700 1710 si
752 1658 882 1728 quid
931 1659 1076 1710 aliud
1126 1678 1225 1728 pro
1278 1678 1334 1711 se
1402 1659 1667 1712 haberent
1717 1679 1880 1729 quare
1931 1661 2000 1712 ad
2048 1659 2413 1729 provisionem

408 1746 705 1814 predictam
750 1763 860 1795 non
903 1752 1049 1796 esset
1093 1746 1495 1813 procedendum
1518 1767 1531 1811 3
1578 1755 1633 1798 et
1672 1747 1886 1816 utrique
1928 1746 2070 1815 parti
2110 1746 2178 1797 ad
2217 1746 2415 1798 facien-

410 1832 541 1883 dum
581 1839 636 1882 et
679 1830 1047 1898 recipiendum
1110 1849 1272 1899 super
1312 1831 1440 1883 hinc
1490 1832 1616 1883 inde
1657 1833 1970 1901 propositis,
2012 1832 2157 1901 quod
2195 1833 2413 1901 justicia

410 1917 674 1968 suaderet.
753 1915 968 1968 Quibus
1011 1916 1095 1967 die
1140 1924 1195 1967 et
1231 1916 1349 1968 loco
1388 1918 1644 1985 predictis
1697 1916 1959 1987 religiosis
2010 1936 2108 1987 per
2156 1936 2410 1987 procura-

409 2010 581 2054 torem
612 2020 789 2065 suum,
816 2020 876 2053 ac
904 2002 1049 2053 dicto
1075 2002 1353 2054 Willelmo
1374 2003 1661 2074 Campyun
1678 2004 2034 2073 personaliter
2059 2022 2238 2055 coram
2266 2005 2411 2057 dicto

408 2089 681 2157 Episcopo
731 2105 829 2156 pro
881 2087 1139 2138 tribunali
1191 2088 1413 2140 sedente
1459 2089 1918 2157 comparentibus,
1962 2089 2306 2158 recitatisque
2354 2090 2411 2141 in

403 2175 606 2244 judicio
632 2192 810 2225 coram
837 2173 929 2225 illo
956 2173 1375 2242 excepcionibus
1401 2174 1691 2243 predictis;
1730 2174 1917 2226 habita
1942 2174 2166 2244 insuper
2191 2175 2412 2227 alterca-

408 2261 560 2313 cione
585 2261 725 2312 inter
750 2268 931 2330 partes
959 2278 1122 2329 super
1147 2261 1383 2326 eisdem;
1425 2261 1646 2312 demum
1671 2261 1913 2330 prefatus
1940 2261 2228 2330 episcopus
2248 2261 2415 2313 inter-

407 2347 678 2416 loquendo
718 2346 1099 2414 pronunciavit
1149 2346 1264 2397 fore
1303 2346 1708 2414 procedendum
1759 2345 1826 2396 ad
1866 2346 2232 2415 provisionem
2285 2347 2415 2399 dicti

410 2432 671 2485 Willelmi
699 2433 764 2483 de
791 2431 1034 2483 Ecclesia
1056 2432 1122 2482 de
1145 2431 1418 2500 Cloptona
1442 2431 1685 2500 predicta
1709 2450 1822 2483 non
1849 2431 2193 2484 obstantibus
2220 2450 2414 2502 excep-

412 2517 657 2571 cionibus
683 2504 1088 2586 prenominatis,
1154 2518 1474 2568 Procurator
1498 2535 1624 2569 vero
1650 2517 2023 2586 religiosorum
2048 2519 2412 2587 predictorum

412 2603 478 2656 ab
504 2603 815 2672 hujusmodi
840 2602 1242 2654 interlocutoria
1268 2620 1365 2653 seu
1388 2603 1841 2671 pronunciacione
1863 2604 2045 2655 sedem
2063 2605 2413 2672 apostolicam

412 2697 467 2742 et
493 2690 680 2741 sedem‘
703 2688 991 2740 Cantuarie
1029 2706 1128 2757 pro
1155 2688 1391 2739 tuicione
1417 2688 1793 2756 appellationis
1835 2688 1901 2739 ab
1941 2688 2131 2740 eodem
2157 2689 2412 2758 episcopo

410 2774 771 2827 incontinenti
795 2773 1056 2842 legittime
1083 2773 1389 2842 appellavit.
1467 2773 1574 2824 Sed
1612 2773 1899 2842 episcopus
1939 2773 2075 2842 ipse,
2100 2773 2414 2842 hujusmodi

413 2859 776 2930 appellacione
802 2878 912 2911 non
939 2858 1208 2922 obstante,
1235 2858 1478 2927 predicto
1504 2858 1782 2911 Willelmo
1810 2859 1875 2910 de
1903 2858 2126 2910 ecclesia
2153 2859 2219 2910 de
2248 2859 2413 2929 Clop-

414 2955 544 2999 tona
582 2945 789 3014 prefata
832 2943 1116 3013 providere
1162 2943 1512 3012 presumpsit,
1557 2961 1681 2995 eum
1731 2962 1828 3013 per
1870 2943 2070 2995 librum
2116 2944 2182 2996 de
2225 2945 2411 2997 eadem

412 3031 750 3084 investiendo
790 3048 849 3081 ac
887 3030 1224 3082 decernendo
1251 3030 1484 3082 eundem
1510 3030 1845 3082 Willelmum
1887 3030 2001 3082 fore
2045 3029 2412 3082 inducendum

413 3117 472 3169 in
521 3117 851 3186 corporalem
901 3115 1304 3185 possessionem
1354 3116 1598 3185 ejusdem
1654 3115 1877 3167 ecclesie
1927 3123 1982 3167 et
2030 3116 2297 3168 tuendum
2355 3117 2412 3168 in

416 3203 622 3268 eadem,
661 3221 693 3254 a
737 3201 934 3271 quibus
974 3201 1284 3270 provisione
1326 3207 1381 3252 et
1425 3201 1642 3253 decreto
1692 3202 1933 3269 prefatus
1983 3209 2300 3270 procurator
2350 3202 2416 3254 de

416 3289 599 3356 Burgo
648 3285 915 3356 predictas
955 3285 1108 3337 sedes
1153 3292 1217 3336 ut
1261 3303 1423 3354 supra
1459 3285 1722 3354 legittime
1761 3287 2070 3355 appellavit,
2110 3294 2165 3339 et
2202 3307 2232 3338 a
2270 3286 2416 3339 curia

418 3371 706 3424 Cantuarie
741 3370 981 3441 predicte
1008 3369 1245 3440 optinuit
1269 3368 1501 3420 inhiberi
1529 3369 1805 3439 Episcopo
1832 3371 2093 3439 predict0‚
2120 3379 2176 3428 et
2210 3371 2415 3424 dictum

416 3455 751 3510 Willelmum
796 3454 1065 3523 Campiun
1106 3461 1312 3523 partem
1354 3453 1679 3524 appellatam
1730 3455 2097 3524 peremptorie
2148 3455 2298 3507 citari
2349 3456 2416 3507 ad
2462 3484 2553 3517 κ,
