2774 3952
441 387 510 435 38
972 395 1327 432 CHRONICON
1356 397 1898 434 PETROBURGENSE.

439 525 587 576 illam
624 522 1006 593 tangentibus;
1057 521 1125 574 ad
1168 539 1328 591 quem
1373 520 1517 574 diem
1554 522 1830 590 predictus
1870 522 2179 576 Willelmus
2217 525 2345 578 fecit
2383 544 2440 578 se

441 609 700 661 essoniari
725 616 780 661 et
803 609 994 660 habuit
1037 607 1180 659 diem
1219 624 1397 658 coram
1437 605 1747 674 justiciariis
1791 605 1879 658 hic
1922 607 1980 657 in
2024 608 2229 660 octabis
2274 611 2442 663 sancti

442 694 745 759 MichaeliS‚
770 712 912 746 anno
939 693 1149 758 eodem,
1196 701 1251 745 et
1287 699 1479 761 postea
1518 690 1836 744 certificacio
1862 691 2104 760 predicta
2141 695 2318 762 posita
2343 697 2446 749 fuit

439 782 493 833 in
522 788 829 851 respectum
854 798 1025 850 usque
1051 799 1082 832 a
1108 780 1193 832 die
1222 779 1426 831 Pasche
1450 778 1507 830 in
1532 797 1622 830 xv.
1649 778 1781 842 dies,
1806 777 1913 842 hic,
1939 778 2046 829 nisi
2069 778 2106 831 J
2111 779 2350 833 ohannes
2377 782 2444 833 de

441 867 681 918 Luvetot
713 866 862 935 prius
888 866 957 917 ad
981 873 1161 935 partes
1200 865 1318 917 illas
1344 865 1586 917 veniret:
1615 863 1707 932 qui
1731 863 1884 915 venit
1926 864 2070 932 apud
2116 863 2444 934 Stangrund,

442 950 528 1002 die
569 949 796 1002 Veneris
839 949 1085 1018 proxima
1134 957 1259 1001 ante
1303 947 1536 1000 mediam
1587 947 2068 1018 quadragesimam,
2112 966 2255 1000 anno
2294 950 2446 1019 regni

438 1035 579 1105 regis
603 1054 749 1088 nunc
785 1035 922 1088 viiio.
950 1036 1018 1087 ad
1044 1035 1361 1105 capiendam
1386 1034 1687 1103 predictam
1703 1034 2171 1087 certificacionem.
2248 1035 2445 1088 Coram

441 1139 548 1190 quo
573 1121 827 1174 convenit
868 1120 1072 1173 ibidem
1113 1120 1256 1173 inter
1295 1120 1535 1185 eosdem,
1561 1128 1664 1173 etc.
1697 1128 1761 1172 ut
1799 1128 2022 1172 notatur
2047 1139 2109 1173 ex
2153 1121 2254 1173 alia
2292 1131 2446 1191 parte

75 1217 418 1275 (Vide(0)p.35.)
440 1206 706 1276 presentis
731 1206 864 1259 folii.
941 1206 1057 1258 Ista
1095 1206 1414 1259 inrotulacio
1453 1206 1763 1259 invenietur
1797 1206 1854 1258 in
1895 1207 2106 1276 placitis
2148 1208 2214 1260 de
2259 1209 2445 1262 Banco

440 1312 471 1344 a
510 1292 595 1344 die
624 1293 827 1345 Pasche
858 1293 915 1344 in
939 1311 993 1345 v.
1022 1292 1370 1362 septimanaS,
1405 1311 1548 1345 anno
1586 1293 1737 1362 regni
1774 1293 1914 1363 regis
1941 1293 2194 1346 Edwardi
2221 1294 2350 1347 viii0.
2379 1295 2446 1348 de

440 1378 672 1431 termino
699 1379 922 1432 Pasche.

78 1470 415 1526 (fomxxxviffl.)
512 1469 534 1530 s
560 1465 712 1518 Inter
737 1465 1019 1518 dominum
1046 1463 1298 1516 abbatem
1324 1472 1380 1516 et
1406 1463 1769 1517 Laurencium
1798 1465 1864 1517 de
1892 1466 2173 1521 Prestona.

76 1548 321 1589 Laurencius
341 1550 390 1587 de

73 1602 276 1642 Prestona.

515 1550 778 1603 Placitum
828 1551 971 1621 apud
1014 1549 1564 1603 westmonasterium
1608 1568 1787 1602 coram
1832 1551 2090 1620 magistro
2125 1553 2337 1622 Rogero
2380 1556 2446 1607 de

442 1636 680 1708 Seytona
728 1645 784 1689 et
833 1637 992 1690 sociis
1038 1635 1168 1700 suiS,
1217 1634 1528 1704 justiciariis
1594 1634 1800 1686 domini
1849 1635 1987 1704 regis
2037 1636 2094 1688 in
2143 1636 2334 1703 banco,
2389 1640 2446 1691 in

439 1721 644 1774 octabis
671 1729 854 1774 sancte
879 1721 1177 1785 Trinitatis,
1203 1739 1345 1772 anno
1365 1720 1516 1789 regni
1541 1719 1678 1789 regis
1705 1720 1958 1772 Edwardi
1985 1729 2154 1774 sexto·

509 1806 695 1859 Abbas
722 1807 788 1859 de
827 1807 1009 1876 Burgo
1037 1806 1207 1858 sancti
1228 1805 1373 1858 Petri
1408 1804 1772 1857 summonitus
1788 1805 1892 1857 fuit
1916 1806 1983 1857 ad
2008 1809 2447 1876 respondendum

439 1891 740 1944 Laurencio
767 1892 833 1944 de
862 1892 1122 1945 Prestona
1166 1892 1233 1943 de
1276 1890 1476 1961 placito
1521 1909 1683 1960 quare
1723 1890 1866 1959 cepit
1899 1892 2076 1944 averia
2107 1893 2278 1962 ipsius
2304 1895 2447 1946 Lau-

437 1977 603 2029 rencii
623 1985 677 2028 et
702 1995 764 2029 ea
788 1977 989 2047 injuste
1010 1977 1244 2031 detinuit
1262 1983 1449 2029 contra
1465 1976 1683 2028 vadium
1701 1983 1756 2027 et
1777 1975 2012 2045 plegium
2039 1985 2141 2030 etc.
2215 1979 2292 2030 Et
2317 1979 2448 2032 dicit

438 2062 584 2132 quod
608 2063 882 2132 predictus
920 2063 1086 2116 abbas
1111 2063 1167 2114 in
1194 2062 1428 2115 crastino
1463 2061 1636 2114 sancti
1664 2060 1929 2130 Gregorii,
1955 2079 2097 2113 anno
2134 2063 2283 2131 regni
2308 2064 2447 2133 regis

437 2167 582 2200 nunc
609 2148 816 2218 quinto,
855 2149 998 2219 cepit
1035 2149 1172 2201 duos
1211 2165 1380 2217 equos
1417 2146 1585 2216 precii
1612 2146 1700 2198 ‚xl.
1728 2146 2025 2198 solidorum
2061 2146 2119 2197 in
2154 2165 2346 2216 campo
2382 2150 2449 2201 de

436 2234 773 2299 Wodecroft,
797 2220 855 2286 in
881 2234 1114 2303 quodam
1139 2233 1259 2285 loco
1286 2231 1378 2301 qui
1404 2238 1626 2284 vocatur
1666 2230 2027 2295 Hundecroft,
2049 2239 2104 2283 et
2130 2250 2222 2284 eos
2243 2233 2449 2302 fugavit

438 2326 493 2372 et
534 2319 706 2388 fugari
748 2318 877 2371 fecit
919 2319 987 2370 ad
1027 2317 1327 2370 manerium
1372 2335 1532 2368 suum
1573 2317 1639 2368 de
1685 2315 1965 2381 Glintona,
2004 2327 2060 2369 et
2102 2334 2196 2369 eos
2244 2317 2447 2371 ibidem

441 2404 675 2456 detinuit
717 2422 998 2473 quousque
1039 2403 1165 2454 inde
1213 2402 1425 2454 liberati
1473 2402 1696 2453 fuerunt
1736 2419 1833 2470 per
1886 2410 2201 2471 preceptum
2243 2403 2450 2456 domini

439 2488 596 2556 regis,
672 2488 836 2540 Unde
880 2487 1010 2539 dicit
1050 2487 1197 2556 quod
1242 2486 1599 2538 deterioratus
1626 2493 1711 2537 est
1752 2494 1808 2538 et
1852 2487 2153 2556 dampnum
2179 2488 2343 2542 habet
2380 2490 2448 2542 ad

437 2572 730 2624 valentiam
767 2591 829 2625 .c.
878 2572 1193 2635 solidorum,
1231 2578 1287 2623 et
1329 2570 1454 2622 inde
1481 2570 1734 2638 producit
1772 2579 1972 2622 sectam
2000 2581 2103 2624 etc.
2177 2574 2254 2625 Et
2278 2574 2445 2627 abbas

440 2675 536 2725 per
573 2663 904 2709 attornatum
952 2674 1112 2708 suum
1137 2656 1288 2709 venit
1313 2663 1368 2707 et
1407 2655 1648 2706 defendit
1685 2654 1796 2706 vim
1836 2666 1891 2706 et
1915 2655 2186 2724 injuriam,
2231 2660 2446 2726 quando

440 2750 544 2794 etc.
619 2742 695 2794 Et
713 2740 851 2794 bene
877 2742 1133 2811 cognovit
1152 2742 1298 2811 quod
1323 2742 1466 2810 cepit
1490 2740 1732 2810 predicta
1757 2740 1933 2792 averia
1976 2748 2031 2792 et
2068 2741 2235 2809 juste.
2298 2743 2448 2795 Dicit

443 2828 513 2881 ‚ii.
554 2827 700 2897 quod
740 2828 1016 2897 predictus
1044 2828 1377 2881 Laurencius
1415 2834 1567 2880 tenet
1607 2827 1673 2878 de
1700 2844 1764 2878 eo
1797 2834 2040 2895 quartam
2066 2835 2275 2895 partem
2302 2827 2447 2880 feodi

440 2914 602 2966 unius
652 2914 836 2965 militis
877 2914 934 2965 in
978 2913 1219 2984 predicta
1257 2913 1383 2966 villa
1434 2913 1500 2966 de
1536 2912 1855 2965 Wodecroft
1903 2929 1999 2981 per
2038 2911 2349 2981 homagium
2393 2922 2448 2965 et

440 2998 718 3063 relevium,
763 3007 818 3051 et
861 2999 927 3051 de
970 2998 1222 3068 homagio
1268 3006 1352 3051 est
1394 2998 1512 3068 ipse
1556 2998 1720 3050 modo
1763 2997 1821 3048 in
1863 2997 2061 3049 seisina
2108 3015 2205 3066 per
2253 3017 2446 3049 manus

440 3085 611 3156 ipsius
638 3084 937 3147 Laurencfi,
966 3092 1021 3138 et
1046 3085 1192 3155 quod
1215 3084 1475 3137 relevium
1500 3084 1550 3136 ei
1575 3103 1606 3135 a
1631 3091 1774 3136 retro
1800 3083 1904 3135 fuit
1930 3083 1996 3135 de
2023 3091 2197 3135 morte
2216 3083 2448 3136 Gilberti

443 3171 511 3224 de
539 3171 800 3224 Prestona
825 3171 1077 3224 avunculi
1102 3170 1330 3240 predicti
1348 3169 1651 3233 Laurencii,
1679 3169 1835 3239 cujus
1861 3169 2016 3221 heres
2035 3168 2153 3238 ipse
2180 3177 2282 3233 est,
2301 3170 2447 3222 unde

443 3257 714 3327 distringit
739 3275 864 3309 eum
890 3275 988 3326 pro
1014 3256 1258 3325 predicto
1284 3255 1499 3308 relevi0.

515 3343 590 3396 Et
616 3342 948 3395 Laurencius
978 3342 1124 3407 dicit,
1151 3342 1297 3411 quod
1333 3341 1419 3394 die
1463 3359 1571 3411 quo
1597 3341 1714 3411 ipse
1753 3340 1879 3393 fecit
1904 3340 2203 3410 predictam
2242 3340 2450 3393 distric-
