2774 3952
90 2196 185 2246 (foc.
207 2198 316 2236 mii.
339 2195 410 2249 ro.)

92 2295 283 2336 Burtona‚

454 414 558 462 110
983 425 1339 463 CHRONICON
1369 427 1915 462 PETROBURGENSE.

523 553 764 606 Thomas
811 553 1138 606 Goldemere
1180 553 1463 606 consuevit
1505 553 1707 617 venire,
1746 553 1901 622 cujus
1945 560 2112 604 terras
2150 534 2472 604 Willelmus'

454 638 599 691 filius
627 657 758 690 suus
786 645 955 692 tenet.
1792 698 1810 706 δ

530 725 774 794 Rogerus
818 724 1099 794 Wildegos
1150 723 1431 777 consuevit
1479 723 1681 790 venire,
1732 723 1886 793 cujus
1931 731 2099 776 terras
2149 722 2457 774 Willelmus

456 809 594 862 Bate
621 818 787 863 tenet.

532 895 771 948 Thomas
795 895 968 965 Ingrit
988 895 1271 948 consuevit
1290 896 1490 961 venire,
1511 897 1666 966 cujus
1686 896 1911 948 heredes
1935 909 2063 947 sunt
2081 894 2219 946 infra
2244 899 2459 944 etatem.

529 981 718 1034 Simon
740 982 890 1035 Picte
911 983 1193 1035 consuevit
1211 983 1411 1047 venire,
1429 983 1583 1051 cujus
1602 990 1767 1034 terras
1790 981 2096 1033 Willelmus
2120 979 2267 1030 Picte
2288 985 2452 1029 tenet.

529 1067 837 1135 Stephanus
888 1068 1072 1119 Barun
1118 1068 1401 1121 consuevit
1444 1068 1644 1132 venire,
1689 1067 1843 1137 cujus
1887 1066 2111 1119 heredes
2156 1072 2286 1116 sunt
2323 1063 2461 1114 infra

455 1160 672 1205 etatem.

529 1237 717 1288 Simon
745 1238 1030 1290 Munsorel
1057 1239 1341 1292 consuevit
1366 1239 1566 1304 venire,
1593 1239 1748 1309 cujus
1775 1248 1944 1292 terras
1989 1238 2262 1290 Henricus
2292 1236 2461 1287 Mun-

455 1324 595 1376 sorel
619 1331 788 1377 tenet.

529 1410 940 1463 predecessores
966 1410 1176 1463 abbatis
1205 1413 1269 1464 de
1299 1412 1499 1483 Soleby
1525 1419 1924 1466 consueverunt
1948 1411 2146 1462 venire.

530 1496 849 1565 Radulphus
866 1497 1009 1548 filius
1027 1497 1287 1549 Willelmi
1309 1499 1591 1552 consuevit
1607 1499 1806 1564 venire,
1828 1498 1982 1567 cujus
2000 1505 2167 1549 terras
2196 1495 2461 1547 Radulfus

454 1581 597 1632 filius
625 1600 753 1633 suus
781 1589 947 1635 tenet.

532 1667 779 1719 Andreas
806 1667 1099 1719 Aboveton
1128 1667 1290 1720 debet
1315 1667 1514 1732 venire,
1542 1670 1696 1738 cujus
1736 1668 2162 1738 predecessoreS,
2188 1666 2462 1735 quondam

454 1761 704 1806 tenentes
731 1760 897 1804 terras
925 1772 1056 1822 quas
1084 1753 1200 1823 ipse
1226 1760 1393 1817 tenet,
1422 1753 1668 1805 solebant
1695 1753 1892 1805 venire.

531 1838 793 1890 Ricardus
822 1839 1222 1909 Wllemongere
1268 1839 1477 1892 solebat
1516 1840 1717 1904 venire,
1762 1840 1916 1909 cujus
1963 1846 2130 1890 terras
2155 1838 2462 1890 Willelmus

456 1925 806 1994 Wlmongere
832 1932 998 1977 tenet.

533 2009 849 2063 Willelmus
879 2011 1210 2063 Carettarius
1238 2010 1447 2063 solebat
1471 2011 1672 2076 venire,
1699 2011 1790 2081 qui
1817 2011 1991 2063 adhuc
2019 2019 2294 2080 superstes
2321 2019 2421 2063 est.

529 2097 670 2149 Tota
694 2097 877 2149 villata
905 2097 1067 2150 debet
1092 2097 1389 2167 presentari
1417 2116 1514 2167 per
1541 2116 1633 2150 sex
1662 2098 1917 2167 capitales
1946 2096 2311 2149 decennarios.

542 2199 566 2251 s
595 2184 662 2235 In
690 2184 952 2236 Burtona.
979 2185 1199 2236 feodum
1227 2183 1438 2236 abbatis
1467 2184 1532 2237 de
1561 2184 1855 2249 Croxtona‚
1883 2185 2037 2253 cujus
2063 2184 2469 2253 predecessores

461 2277 861 2322 consueverunt
886 2270 1088 2323 venire.

532 2355 838 2408 Willelmus
887 2355 1143 2426 Gilemyn
1189 2355 1472 2408 consuevit
1514 2355 1714 2421 venire,
1777 2356 1931 2426 cujus
1972 2363 2139 2408 terras
2183 2355 2220 2408 J
2224 2356 2465 2408 ohannes

463 2441 715 2509 Gilemyn
746 2449 801 2493 et
826 2442 1032 2493 Alanus
1062 2442 1317 2512 Gilemyn
1345 2450 1550 2494 tenent.

534 2525 808 2576 Walterus
838 2526 903 2578 de
924 2527 1144 2595 Estwey
1171 2527 1455 2588 consuevit
1480 2527 1680 2591 venire,
1703 2526 1857 2595 cujus
1884 2536 2052 2578 terras
2071 2526 2378 2578 Willelmus
2401 2527 2467 2579 de

463 2611 684 2681 Estwey
706 2619 876 2683 renet.

541 2697 810 2749 Henricus
849 2697 916 2748 de
956 2696 1188 2748 Hisham
1228 2704 1283 2748 et
1324 2696 1595 2748 Robertus
1624 2698 1689 2748 de
1733 2697 2025 2749 Herdwike
2070 2704 2469 2749 consueverunt

464 2782 665 2846 venire,
692 2801 917 2850 quorum
948 2790 1115 2834 terras
1148 2783 1309 2851 Hugo
1339 2781 1528 2834 Cobbe
1556 2790 1722 2834 tenet.

539 2867 846 2919 Willelmus
896 2867 1145 2920 Mabelot
1188 2867 1471 2919 consuevit
1520 2867 1719 2931 venire,
1771 2867 1925 2934 cujus
1975 2874 2144 2918 terras
2186 2866 2223 2919 J
2227 2867 2467 2918 ohannes

466 2952 790 3021 Wytewrcle
817 2961 983 3005 tenet.

539 3038 796 3090 Warinus
823 3039 1045 3090 clericus
1073 3037 1354 3090 consuevit
1384 3037 1584 3102 venire,
1612 3037 1766 3106 cujus
1811 3043 1979 3089 terras
2007 3037 2043 3089 J
2048 3037 2287 3088 ohannes
2318 3037 2469 3090 Giles

463 3133 522 3178 'et
540 3124 821 3177 Johannes
851 3122 1102 3192 Gilemyn
1131 3130 1335 3174 tenent.

541 3210 577 3262 J
581 3209 821 3261 ohannes
849 3207 915 3259 de
942 3208 1126 3259 Isham
1153 3206 1435 3259 consuevit
1453 3207 1652 3271 venire,
1670 3207 1825 3276 cujus
1842 3215 2009 3259 terras
2030 3207 2305 3259 Walterus
2329 3207 2471 3259 filius

464 3293 667 3364 Rogeri
692 3301 858 3345 tenet.

540 3382 812 3434 Tenentes
859 3380 924 3431 de
967 3379 1126 3431 feodo
1165 3378 1358 3448 prioris
1403 3379 1468 3430 de
1507 3378 1879 3431 Bradenstoke
1922 3398 2029 3431 non
2077 3389 2474 3432 consueverunt
