2774 3952
90 2253 190 2304 (fol.
211 2268 243 2293 c.
264 2256 342 2305 17⁰.)

93 3093 286 3130 Vendicio

92 3148 302 3196 maritagii.

95 3218 224 3267 (man.
245 3218 406 3270 recen.)

1009 469 1358 504 cnnonoN
1402 468 1941 504 PETROBURGENSE.
2405 452 2467 512 75
2522 510 2526 514 ,

469 594 791 665 supradictis
858 595 1029 648 facere
1079 603 1314 659 vastum,
1369 594 1764 659 vendicionem,
1826 593 2065 659 exilium,
2117 611 2210 645 seu
2276 593 2471 645 aliena-

467 681 677 733 cionem
715 681 965 751 aliquam,
1005 699 1104 733 nec
1148 681 1377 733 villanos
1421 679 1690 733 rediment
1734 697 1830 731 seu
1873 677 2114 730 indebite
2154 678 2470 747 gravabunt.

468 767 680 819 Domos
719 786 864 833 ver0,
908 785 1082 837 sepeS,
1131 768 1351 830 fossata,
1395 784 1579 819 muros
1637 765 1896 830 reficient,
1938 783 2061 817 cum
2114 783 2251 834 opus
2292 765 2470 827 fuerit,

466 859 524 903 et
549 852 932 904 sustentabunt
958 851 1264 921 sumptibus
1292 850 1402 902 suis
1428 850 1485 901 in
1511 850 1645 902 adeo
1671 849 1817 901 bono
1846 855 1991 900 statu
2009 849 2096 901 vel
2122 849 2347 912 meliori,
2365 868 2471 918 quo

468 954 531 988 ea
575 945 850 1006 ceperunt.
926 937 1002 989 Et
1045 936 1325 988 sciendum
1365 944 1450 987 est
1493 935 1639 1004 quod
1679 934 1724 985 si
1763 934 1892 986 dicti
1933 933 2229 998 Galfridus,
2270 935 2472 1003 Roysia

468 1021 555 1072 vel
593 1039 779 1073 eorum
817 1022 951 1073 alter
988 1021 1217 1073 voluerit
1255 1021 1454 1073 dictam
1502 1020 1806 1073 custodiam
1844 1019 2003 1072 alicui
2041 1019 2329 1084 dimittere,
2369 1021 2471 1072 hoc

467 1106 583 1159 fieri
625 1125 737 1159 non
764 1106 926 1160 debet
952 1107 1057 1158 nisi
1084 1106 1266 1159 abbati
1305 1115 1360 1160 et
1396 1107 1514 1177 ejus
1541 1105 1961 1170 successoribUS,
1988 1105 2119 1157 dum
2146 1116 2324 1157 tamen
2356 1114 2473 1157 tan-

467 1201 586 1245 tum
611 1192 736 1245 inde
763 1193 887 1246 dare
912 1193 1183 1246 voluerint
1208 1200 1471 1263 quantum
1497 1193 1633 1245 alius
1680 1193 1796 1245 sine
1821 1193 2008 1245 fraude
2035 1192 2160 1243 dare
2186 1193 2332 1244 velit.
2398 1193 2473 1244 Et

467 1278 514 1330 si
551 1279 878 1348 alii(s)quam
917 1278 1101 1331 abbati
1139 1279 1339 1332 dictam
1379 1280 1683 1332 custodiam
1718 1278 1991 1332 dimittere
2025 1278 2327 1343 voluerint3
2368 1279 2471 1331 hoc

464 1363 637 1416 facere
662 1382 773 1416 non
798 1351 1048 1434 possunt,
1075 1364 1181 1416 nisi
1208 1365 1274 1418 de
1300 1365 1580 1418 voluntate
1606 1373 1662 1418 et
1691 1382 1918 1417 assensu
1955 1363 2127 1433 ipsius
2167 1363 2379 1415 abbatis
2418 1372 2474 1416 et

466 1466 839 1502 successorum
868 1468 1108 1502 suorum.
1185 1450 1243 1503 Si
1268 1459 1450 1503 autem
1467 1450 1852 1503 secus'factum
1880 1449 2077 1514 fuerit3
2115 1448 2301 1500 licebit
2327 1449 2471 1501 dicto

466 1534 650 1588 abbati
676 1543 731 1588 et
757 1536 1154 1589 successoribus
1195 1537 1305 1588 suis
1345 1537 1514 1590 dictas
1552 1544 1720 1590 terras
1759 1544 1815 1589 et
1851 1542 2161 1588 tenementa
2185 1535 2392 1604 ingredi
2419 1543 2473 1588 et

464 1619 714 1684 retinere,
755 1620 896 1672 sicut
940 1620 1188 1689 superius
1231 1621 1437 1674 dictum
1477 1629 1563 1674 est
1607 1621 1674 1673 de
1716 1620 1992 1673 solucione
2030 1637 2142 1671 non
2180 1620 2336 1683 facta’,
2378 1638 2474 1671 seu

462 1705 645 1758 minus
697 1706 857 1775 plene
907 1707 1065 1758 facta.
1140 1707 1227 1758 De
1275 1715 1431 1759 vasto
1474 1725 1622 1772 vero,
1671 1705 1993 1759 vendicione
2018 1711 2094 1757 'et
2144 1704 2323 1768 exili0,
2376 1723 2470 1756 seu

460 1791 787 1844 alienacione
817 1792 1172 1861 supradictis3
1209 1793 1303 1844 fiat
1330 1793 1471 1845 sicut
1496 1793 1803 1845 continetur
1828 1791 1884 1844 in
1912 1799 2056 1844 carta
2082 1790 2288 1843 domini
2309 1791 2470 1860 Regis

464 1876 532 1928 de
556 1876 896 1930 libert-atibus
922 1885 978 1930 et
1003 1877 1121 1930 aliis
1149 1878 1368 1930 statutis
1408 1897 1571 1948 super
1595 1879 1700 1931 hoc
1726 1878 1904 1931 editis.
1980 1878 2066 1930 De
2093 1876 2470 1945 redempcione

460 1981 588 2016 vero
614 1963 933 2016 villanorum
960 1972 1015 2016 et
1040 1982 1227 2016 eorum
1254 1965 1508 2017 indebitis
1547 1965 1967 2034 gravaminibuS‚
1994 1963 2159 2016 abbas
2197 1963 2469 2032 predictus

461 2055 518 2100 et
555 2048 671 2117 ejus
712 2066 1049 2100 successores
1081 2048 1208 2100 inde
1235 2049 1434 2101 facient
1459 2049 1715 2101 emendas
1753 2048 2110 2101 racionabiles
2151 2065 2247 2116 per
2290 2046 2468 2099 visum

462 2140 518 2184 et
541 2133 914 2185 testimonium
940 2133 1234 2202 proborum
1260 2135 1545 2186 hominum
1568 2135 1634 2187 de
1659 2134 1892 2198 visnetO,
1920 2152 2043 2186 cum
2071 2133 2138 2185 de
2164 2133 2266 2184 hoc
2293 2132 2468 2201 requi-

465 2218 555 2270 siti
573 2218 774 2270 fuerint
800 2226 855 2270 et
880 2219 956 2270 eis
984 2219 1306 2272 constiterit.
1382 2221 1459 2271 Et
1485 2220 1615 2272 dicti
1641 2219 1807 2271 abbas
1834 2227 1889 2272 et
1915 2227 2216 2272 conventus
2243 2224 2263 2284 l
2286 2227 2466 2271 custo-

464 2304 605 2356 diam
633 2304 992 2374 predictarum
1020 2313 1278 2357 terrarum
1319 2313 1374 2358 et
1411 2313 1844 2358 tenementorum
1873 2324 1994 2358 cum
2024 2305 2275 2358 omnibus
2302 2305 2466 2373 perti-

461 2389 668 2442 nenciis
707 2397 762 2442 et
799 2390 960 2442 rebus
1007 2391 1327 2460 supradictis
1361 2391 1418 2443 in
1456 2392 1629 2443 forma
1665 2391 1923 2459 predicta,
1954 2390 2112 2443 dictis
2141 2390 2384 2442 Galfrido
2412 2398 2467 2441 et

463 2475 665 2545 Roysie
715 2482 771 2526 et
833 2474 1029 2544 quibus
1073 2475 1131 2526 in
1175 2475 1428 2528 extremis
1468 2477 1643 2545 legare
1687 2476 1978 2539 voluerint,
2038 2483 2226 2527 contra
2276 2492 2464 2525 omnes

458 2568 647 2631 gentes
691 2560 1138 2626 warentizabunt,
1181 2561 1535 2630 aquietabunt
1577 2569 1632 2613 et
1675 2561 1987 2614 defendent.
2088 2561 2156 2612 In
2196 2560 2350 2629 cujus
2389 2559 2465 2611 rei

457 2645 829 2699 testimonium
868 2646 1096 2715 predicti
1136 2646 1302 2699 abbas
1348 2655 1403 2700 et
1439 2647 1715 2700 Galfridus
1759 2647 1931 2716 sigilla
1972 2665 2069 2699 sua
2118 2644 2461 2717 presentibus

457 2731 761 2783 alternatim
788 2740 1176 2801 apposuerunt.
1254 2733 1378 2784 Hiis
1406 2732 1658 2798 testibuS,
1685 2740 1788 2785 etc.

533 2816 658 2868 Hoc
674 2834 816 2868 anno
835 2816 892 2868 in
909 2817 1142 2869 crastino
1159 2817 1621 2870 Annunciacionis
1642 2817 1800 2870 beate
1816 2818 2055 2888 Virginis
2077 2818 2221 2870 dicta
2236 2815 2463 2869 Mabilia

459 2902 794 2972 maritagium
821 2903 1049 2972 predicti
1073 2903 1288 2956 heredis
1314 2904 1649 2973 comparavit
1673 2923 1704 2956 a
1729 2904 1973 2974 predicto
2001 2905 2222 2957 domino
2249 2902 2460 2965 abbate,

458 2996 514 3041 et
537 2990 677 3041 facta
701 2996 787 3041 est
810 2989 936 3041 inde
963 2989 1224 3059 obligacio
1252 2990 1498 3059 quedam,
1520 2989 1622 3042 sub
1643 2991 1743 3042 hac
1767 2992 1939 3043 forma
1957 3013 2046 3043 2—-

533 3074 815 3127 Universis
866 3082 1049 3127 sancte
1109 3075 1296 3126 matris
1356 3075 1580 3128 ecclesie
1629 3076 1753 3127 filiis
1804 3077 1873 3128 ad
1924 3095 2153 3146 quorum
2203 3075 2457 3128 noticiam

459 3168 736 3226 presentes
779 3159 958 3212 littere
992 3160 1354 3230 pervenerint,
1383 3161 1608 3213 Mabilia
1649 3162 1715 3214 de
1758 3162 2108 3231 Keningtona
2149 3162 2376 3214 salutem
2402 3160 2458 3210 in

461 3243 700 3296 Domino
735 3245 1133 3314 sempiternam.
1210 3246 1440 3298 Noverit
1481 3247 1804 3299 universitas
1849 3257 2029 3301 vestra
2067 3266 2153 3300 me
2191 3245 2361 3298 teneri
2402 3252 2457 3295 et

458 3327 681 3397 obligari
721 3331 1015 3383 reverendo
1057 3331 1115 3383 in
1155 3331 1375 3384 Christo
1418 3333 1564 3385 Patri
1606 3334 1826 3386 domino
1872 3334 2102 3387 Ricardo
2147 3332 2252 3384 Dei
2289 3328 2455 3399 gratia

458 3413 636 3466 abbati
683 3414 748 3466 de
799 3415 981 3485 Burgo
1023 3418 1194 3469 sancti
1237 3418 1383 3470 Petri
1434 3426 1489 3471 et
1525 3420 1642 3488 ejus
1694 3420 2092 3472 successoribus
2144 3418 2199 3469 in
2252 3414 2454 3467 sexcies

459 3497 652 3566 viginti
691 3506 746 3551 et
772 3499 954 3551 decem
996 3519 1198 3554 marcas
1242 3501 1510 3555 bonorum
1555 3511 1609 3555 et
1647 3502 1896 3571 legalium
1942 3501 2317 3569 sterlingorum
2356 3515 2455 3567 pro
