2774 3952
69 2994 114 3032 1·
133 2995 330 3045 excepcio.

434 407 503 453 48
964 413 1316 449 CHRONICON
1348 413 1890 449 PETROBURGENSE.

433 542 564 614 ipsis
589 541 779 594 litteris
804 538 1116 610 provisoriis
1143 537 1468 602 continetur,
1505 538 1749 608 predicto
1776 537 1998 590 domino
2025 537 2280 609 episcopo
2305 556 2430 608 por-

433 628 675 698 rigebat;
716 627 901 680 audito
946 626 1094 695 quod
1137 624 1362 677 ecclesia
1405 624 1472 675 de
1518 623 1808 693 Cloptona,
1834 623 1988 692 cujus
2029 623 2157 676 dicti
2199 624 2432 694 religiosi

433 714 647 784 patroni
671 713 928 777 existunt,
954 730 1051 782 per
1076 718 1305 763 mortem
1333 709 1539 762 domini
1563 709 1599 762 J
1603 708 1830 761 ohannis
1857 709 1925 760 de
1953 708 2296 762 Camerwelle
2321 728 2434 762 rec-

433 799 566 851 toris
592 799 834 868 ejusdem
850 806 982 850 tunc
1005 797 1251 862 vacavit3
1292 795 1491 848 auditis
1529 794 1697 847 eciam
1724 802 1780 846 et
1803 793 2091 846 intellectis
2117 793 2433 863 hujusmodi

433 884 623 936 litteris
649 883 982 953 provisoriiS,
997 882 1286 953 episcopus
1310 879 1585 950 predictus
1609 877 1842 930 inhiberi
1866 876 1994 929 fecit
2018 876 2201 929 abbati
2225 884 2281 930 et
2305 896 2433 930 con-

433 970 622 1021 ventui
660 969 914 1039 predictis
946 986 1015 1021 ne
1055 968 1334 1021 ecclesiam
1379 966 1445 1018 de
1488 965 1761 1034 Cloptona
1802 954 2232 1034 prenominatam
2276 963 2434 1016 alicui

433 1056 843 1108 conferrentnec
862 1054 1096 1123 aliquem
1115 1053 1182 1105 ad
1199 1053 1425 1105 eandem
1442 1058 1832 1121 presentarent,
1842 1049 1966 1119 quia
1984 1049 2301 1102 intendebat
2314 1068 2435 1119 pre-

434 1139 578 1192 dicto
598 1139 875 1191 Willelmo
903 1139 969 1191 de
995 1139 1181 1191 eadem
1207 1137 1490 1207 providere
1522 1137 1680 1205 juxta
1715 1136 2031 1188 mandatum
2075 1135 2433 1205 apostolicum

369 1246 373 1251 ⁴
434 1232 808 1277 memoratum.
885 1223 1037 1277 Fecit
1066 1224 1235 1276 eciam
1265 1223 1410 1275 idem
1436 1222 1723 1291 episcopus
1749 1220 1999 1273 abbatem
2027 1228 2082 1273 et
2106 1230 2433 1274 conventum

433 1311 669 1380 prefatos
697 1327 877 1362 coram
897 1327 961 1362 eo
983 1309 1195 1361 evocari
1210 1309 1278 1360 ad
1302 1307 1717 1378 proponendum
1742 1307 1799 1359 in
1816 1306 2095 1377 presencia
2120 1325 2217 1358 sua
2243 1306 2434 1376 siquid

433 1414 532 1465 pro
560 1414 615 1448 se
640 1395 901 1448 haberent
926 1413 1087 1464 quare
1113 1396 1180 1446 ad
1205 1394 1570 1464 provisionem
1609 1402 1960 1446 memoratam
1996 1393 2284 1462 procedere
2321 1412 2433 1446 non

434 1481 670 1535 deberet.
747 1481 871 1534 Qua
896 1481 999 1546 die,
1027 1480 1226 1533 scilicet
1253 1479 1338 1532 die
1365 1479 1624 1531 Mercurii
1650 1479 1895 1549 proxima
1919 1486 2047 1549 post
2071 1479 2270 1531 festum
2298 1479 2432 1532 Om-

433 1567 585 1619 nium
603 1567 942 1630 Sanctorum,
968 1566 1113 1636 apud
1139 1565 1444 1618 Edeleburc
1463 1565 1596 1635 ipsis
1631 1565 1893 1635 religiosis
1920 1583 2016 1635 per
2035 1575 2433 1635 procuratorem

434 1652 789 1705 sufficientem
815 1669 876 1703 ac
917 1651 1060 1703 dicto
1106 1650 1381 1702 Willelmo
1416 1650 1682 1720 Campiun
1726 1651 2081 1720 personaliter
2120 1669 2434 1720 comparen-

433 1737 598 1803 tibus,
623 1738 768 1790 idem
788 1744 1100 1807 procurator
1119 1736 1359 1807 optinuit
1382 1736 1624 1789 libellum
1651 1737 2127 1790 convencionalem
2143 1745 2199 1790 et
2222 1737 2431 1807 copiam

432 1824 731 1876 litterarum
769 1821 1187 1891 provisoriarum
1213 1820 1577 1890 predictarum
1602 1840 1664 1874 ac
1693 1823 1921 1875 aliorum
1946 1823 2431 1876 instrumentorum

426 1907 779 1977 judicialium,
805 1914 861 1957 et
885 1905 988 1957 fuit
1013 1905 1127 1957 dies
1153 1905 1242 1957 ille
1289 1905 1548 1958 Mercurii
1593 1907 1943 1959 continuatus
1968 1925 2140 1977 usque
2165 1907 2222 1959 in
2249 1908 2432 1959 crasti-

431 2012 565 2044 num
608 1993 726 2044 loco
771 2009 878 2061 quo
918 1991 1087 2060 prius·
1163 1991 1288 2044 Quo
1331 1991 1434 2055 die,
1474 1993 1747 2061 predictus
1791 2001 2105 2062 procurator
2144 1993 2211 2045 de
2250 1994 2431 2062 Burgo

430 2086 543 2130 tam
570 2085 757 2131 contra
781 2095 1067 2146 personam
1094 2076 1356 2128 Willelmi
1389 2076 1672 2147 Campyon
1699 2097 1859 2147 quam
1898 2078 2060 2130 etiam
2096 2086 2282 2130 contra
2306 2096 2432 2147 pro-

431 2162 694 2215 visionem
738 2180 898 2231 quam
941 2160 1228 2229 episcopus
1271 2160 1338 2212 de
1376 2161 1601 2213 ecclesia
1638 2162 1706 2214 de
1733 2162 2004 2232 Cloptone
2043 2163 2219 2215 eidem
2259 2163 2432 2215 facere

430 2246 764 2311 intendebat,
789 2245 1077 2316 proposuit
1102 2246 1447 2315 exceptiones
1475 2246 1826 2317 subscriptaS,
1854 2247 1954 2300 sub
1981 2248 2080 2301 hac
2105 2249 2278 2301 forma
2293 2268 2382 2300 :—

506 2332 703 2385 Coram
745 2331 901 2384 vobis
961 2331 1255 2383 reverendo
1307 2339 1457 2400 patre
1509 2332 1728 2385 Olivero
1780 2334 1884 2385 Dei
1933 2333 2102 2403 gratia
2151 2333 2432 2386 Lincolnie

432 2418 725 2487 EpiscopO,
781 2416 1059 2486 provisore
1118 2416 1379 2468 Willelmi
1425 2417 1694 2487 Campiun
1745 2419 1811 2471 de
1857 2418 2183 2488 Irtlingburc
2232 2438 2263 2471 a
2305 2420 2433 2473 sede

433 2503 727 2573 apostolica
767 2502 1043 2570 deputat0,
1087 2518 1186 2569 ego
1234 2502 1398 2553 frater
1436 2502 1762 2555 Willielmus
1807 2504 1874 2556 de
1913 2504 2246 2557 Wodeforda
2286 2524 2432 2558 com-

435 2588 729 2642 monachus
758 2594 814 2639 et
837 2594 1151 2655 procurator
1175 2586 1545 2655 religiosorum
1564 2588 1802 2641 virorum
1828 2590 2035 2642 abbatis
2062 2598 2117 2642 et
2133 2599 2431 2643 conventus

435 2675 503 2726 de
545 2674 726 2743 Burgo
768 2672 939 2724 sancti
985 2671 1148 2735 Petri,
1187 2681 1375 2724 contra
1414 2673 1647 2725 eundem
1673 2674 2008 2727 Willelmum
2045 2675 2332 2744 Campyun
2370 2695 2431 2729 ac

435 2760 550 2828 ejus
575 2758 818 2811 libellum
845 2776 941 2809 seu
966 2756 1292 2826 peticionem
1329 2757 1383 2809 in
1425 2758 1647 2827 negocio
1673 2759 1997 2828 provisionis
2024 2760 2267 2829 ejusdem
2293 2760 2432 2812 Wil-

433 2844 580 2896 lelmi
622 2843 796 2907 vobiS,
838 2851 901 2895 ut
946 2850 1250 2911 pretactum
1300 2851 1401 2907 est,
1452 2843 1759 2906 commiSSO,
1806 2844 2026 2897 nomine
2063 2846 2430 2914 procuratorio

433 2930 676 3000 ipsorum
712 2928 1029 2998 excipiendo
1057 2927 1301 2981 dilatorie
1343 2947 1610 2999 propono,
1636 2930 1781 2999 quod
1819 2948 1941 2982 cum
1968 2929 2170 2982 eisdem
2197 2930 2430 2982 dominis

435 3014 570 3067 meis
597 3014 667 3066 sit
692 3032 723 3065 a
749 3014 875 3066 sede
901 3013 1195 3082 apostolica
1220 3014 1523 3084 specialiter
1557 3015 1830 3068 indultum
1857 3023 1920 3067 ut
1944 3015 2080 3067 nulli
2105 3033 2202 3084 per
2225 3016 2429 3068 litteras

435 3098 756 3170 apostolicas
775 3099 862 3151 vel
884 3098 1181 3167 legatorum
1208 3099 1501 3167 apostolice
1529 3101 1670 3153 sedis
1698 3101 1763 3153 de
1782 3100 2044 3153 beneficio
2072 3101 2430 3154 ecclesiastico

434 3185 522 3237 vel
546 3184 809 3254 pensione
835 3191 1121 3235 teneantur
1145 3183 1446 3252 providere,
1471 3184 1576 3236 nisi
1609 3185 1665 3236 in
1709 3184 1913 3236 eisdem
1954 3185 2146 3238 litteris
2184 3186 2340 3255 plena
2376 3195 2433 3239 et

434 3286 686 3340 expressa
711 3269 778 3321 de
814 3268 1127 3337 hujusmodi
1164 3267 1503 3336 indulgencia
1539 3268 1747 3320 mencio
1790 3268 2067 3334 habeatur,
2094 3270 2269 3323 littere
2308 3289 2431 3340 pro-
