2774 3952
448 425 550 472 104
977 436 1336 475 onRomcoN
1361 437 1913 476 Parnonmzonxss.

459 561 877 616 summonitores
920 582 1108 616 omnes
1146 563 1266 616 illos
1307 563 1400 634 qui
1441 564 1784 617 vicecomites
1821 566 2040 617 fuerunt
2063 572 2189 634 post
2213 566 2457 619 ultimam

456 647 857 701 itineracionem
896 649 1316 719 justiciariorum
1343 650 1398 701 in
1424 649 1667 719 partibus
1705 649 1829 713 illis,
1868 649 2014 718 quod
2039 657 2171 703 tunc
2210 651 2320 704 sint
2354 653 2457 704 ibi-

457 732 580 784 dem
608 752 787 786 coram
825 735 1044 803 prefatis
1077 734 1389 804 justiciariis
1415 733 1636 798 nostriS,
1662 752 1788 786 cum
1827 732 2081 784 brevibus
2110 741 2166 785 et
2191 735 2375 788 assisis
2401 745 2457 789 et

455 816 666 884 placitis
693 837 795 887 que
821 826 1064 888 tempore
1091 838 1190 871 suo
1216 822 1535 888 receperunt
1559 818 1628 869 ad
1654 817 2095 886 respondendum
2122 817 2188 869 de
2213 825 2458 889 tempore>

457 920 573 968 SUO,
592 904 731 956 sicut
754 906 1078 973 respondere
1099 905 1300 957 debent
1318 923 1496 957 coram
1518 904 1828 973 justiciariis
1854 903 2252 957 itinerantibus.
2328 907 2455 959 Pre-

453 989 681 1057 cipimus
720 990 881 1042 etiam
907 990 1006 1042 tibi
1045 991 1189 1060 quod
1234 1009 1331 1060 per
1373 998 1545 1042 totam
1586 989 1836 1042 ballivam
1877 997 2045 1054 tuam,
2070 990 2319 1043 videlicet
2343 1000 2455 1044 tam

449 1073 506 1124 in
533 1074 838 1126 civitatibus
866 1083 920 1127 et
963 1075 1146 1145 burgis
1186 1095 1347 1145 quam
1381 1077 1437 1127 in
1463 1075 1604 1128 villis
1639 1075 1974 1127 mercatoriis
2002 1083 2058 1127 et
2083 1076 2210 1128 alibi
2246 1078 2455 1145 procla-

448 1160 582 1211 mari
606 1161 779 1212 facitis
807 1161 952 1231 quod
979 1181 1168 1214 omnes
1193 1162 1398 1231 illi,'qui
1424 1162 1699 1214 libertates
1727 1161 1930 1230 aliquas
1951 1179 2047 1230 per
2066 1169 2237 1213 cartas
2263 1163 2455 1231 prede-

448 1263 722 1298 cessorum
748 1255 1057 1299 nostrorum
1084 1249 1293 1317 Regum
1319 1247 1512 1316 Anglie
1537 1247 1624 1299 vel
1658 1247 1762 1299 alio
1788 1247 1952 1299 modo
1977 1247 2173 1300 habere
2201 1249 2452 1314 clamant,

81 1348 255 1397 (focax.
275 1351 358 1400 ro.)
450 1331 560 1383 sint
584 1351 760 1385 coram
788 1333 1010 1403 prefatis
1035 1333 1286 1386 fidelibus
1312 1333 1514 1385 nostris
1543 1334 1606 1384 ad
1629 1332 1771 1384 diem
1797 1333 2156 1401 [predictum‚
2174 1334 2242 1385 ad
2268 1343 2452 1387 osten-

78 1426 199 1462 Anno
219 1424 392 1463 Domini.
449 1417 577 1468 dum
618 1418 922 1487 cujusmodi
954 1417 1229 1469 libertates
1268 1416 1464 1469 habere
1506 1417 1758 1480 clamant,
1784 1423 1840 1468 et
1877 1435 1983 1485 quo
2022 1426 2277 1484 warentO,
2305 1426 2359 1471 et
2389 1427 2450 1471 tu

71 1478 406 1581 ἓζὲξοςῖῗὲῗο
445 1502 561 1573 ipse
586 1504 787 1557 ibidem
814 1504 887 1555 sis
921 1504 1274 1573 personaliter
1299 1522 1408 1554 una
1445 1522 1569 1555 cum
1594 1502 1805 1554 ballivis
1840 1510 1896 1554 et
1932 1502 2195 1556 ministris
2234 1505 2342 1556 tuis
2380 1506 2447 1557 ad

444 1591 840 1644 certiorandum
877 1590 1027 1659 ipsos
1053 1590 1239 1641 fideles
1266 1597 1482 1640 nostros
1511 1607 1672 1658 super
1696 1588 1801 1640 hiis
1829 1596 1883 1640 et
1909 1589 2026 1640 aliis
2052 1591 2288 1660 negociis
2313 1592 2447 1643 illud

442 1676 806 1746 tangentibus,
900 1675 1235 1745 Precipimus
1285 1674 1447 1726 etiam
1516 1674 1616 1725 tibi
1667 1675 1813 1743 quod
1862 1675 2077 1743 puplice
2127 1677 2445 1744 proclamari

440 1761 614 1813 facitis
650 1761 795 1830 quod
840 1778 1028 1812 ornnes
1068 1766 1459 1828 conquerentes
1501 1776 1595 1810 seu
1638 1758 1895 1828 conqueri
1938 1760 2197 1824 volenteS‚
2224 1768 2334 1812 tam
2377 1762 2443 1812 de

438 1846 648 1898 ballivis
675 1854 731 1898 et
755 1845 1017 1897 ministris
1044 1845 1271 1896 aliorum
1310 1852 1365 1896 et
1402 1844 1518 1895 aliis
1545 1843 1991 1913 quibuscumque,
2016 1846 2239 1897 veniant
2264 1864 2442 1898 coram

439 1931 597 1982 dictis
623 1929 875 1982 fidelibus
902 1929 1101 1982 nostris
1140 1929 1208 1979 ad
1244 1928 1517 1997 predictos
1544 1927 1687 1979 diem
1732 1935 1787 1979 et
1826 1928 2024 1993 locum,
2051 1930 2119 1980 ad
2158 1947 2443 1998 quascum—

437 2034 539 2085 que
566 2015 928 2085 querimonias
967 2013 1169 2066 ibidem
1207 2013 1589 2077 ostendendaS‚
1616 2020 1671 2064 et
1697 2013 1764 2063 ad
1790 2021 2160 2082 competentes
2188 2017 2441 2068 emendas

434 2103 561 2154 inde
587 2101 920 2171 recipiendas
955 2100 1255 2152 secundum
1293 2099 1467 2168 legem
1507 2106 1562 2150 et
1599 2099 2048 2151 consuetudinem
2077 2101 2226 2169 regni
2250 2104 2442 2167 nostri,

437 2196 492 2240 et
510 2188 669 2257 juxta
694 2185 1095 2239 ordinacionem
1122 2192 1363 2236 nostram
1388 2202 1485 2253 per
1509 2202 1610 2234 nos
1636 2183 1763 2235 inde
1789 2185 1985 2236 factam
2011 2191 2066 2236 et
2103 2186 2264 2254 juxta
2289 2194 2442 2238 teno-

435 2292 549 2326 rem
579 2279 903 2324 statutorum
929 2278 1240 2323 nostrorum
1278 2276 1333 2321 et
1353 2270 1511 2338 juxta
1537 2268 1790 2320 articulos
1817 2269 2020 2321 eisdem
2046 2270 2295 2322 fidelibus
2315 2290 2442 2324 nos-

435 2359 532 2411 tris
557 2359 685 2410 inde
710 2357 956 2421 traditos,
995 2364 1050 2408 et
1092 2363 1257 2425 prout
1289 2354 1519 2424 predicti
1544 2354 1730 2406 fideles
1758 2355 1930 2406 nostri
1956 2355 2051 2407 tibi
2084 2356 2218 2408 scire
2241 2357 2440 2410 faciant

436 2461 503 2495 ex
552 2449 703 2511 parte
747 2449 949 2492 nostra.
1025 2440 1101 2491 Et
1143 2439 1342 2490 habeas
1382 2438 1459 2489 ibi
1501 2438 1961 2491 summoniciones
2012 2447 2067 2492 et
2110 2441 2214 2492 hoc
2256 2441 2437 2494 breve.

433 2527 596 2578 Teste
640 2525 846 2593 meipso
888 2524 1032 2593 apud
1071 2523 1432 2588 Wolvemere,
1473 2523 1632 2575 tertio
1684 2523 1769 2575 die
1812 2524 2063 2593 Augusti,
2104 2544 2246 2578 anno
2287 2528 2438 2597 regni

432 2610 606 2663 nostri
631 2613 764 2676 x1i1⁰.

505 2698 591 2749 De
619 2695 859 2765 scutagio
886 2713 1163 2747 concesso·

507 2781 632 2833 Hoc
669 2798 810 2831 anno
853 2779 909 2831 in
948 2779 1314 2848 parleamento
1354 2777 1663 2846 supradicto
1715 2779 1982 2830 concessit
2021 2778 2274 2830 dominus
2315 2781 2434 2832 Rex

433 2867 748 2936 scutagium,
777 2873 832 2918 et
856 2865 1040 2934 posuit
1065 2872 1278 2916 scutum
1305 2863 1373 2915 ad
1398 2863 1474 2915 xl.
1502 2863 1723 2915 solidos·

502 2953 682 3004 Tenor
704 2951 882 3003 brevis
908 2950 974 3002 de
1001 2949 1238 3018 scutagio
1264 2949 1386 3000 talis
1412 2956 1495 3000 est
1515 2968 1604 2999 :·—-

502 3037 801 3089 Edwardus
827 3031 934 3087 Dei
957 3035 1126 3104 gratia
1142 3035 1260 3086 Rex
1278 3034 1504 3102 Angfiae,
1525 3042 1626 3086 etc.
1652 3033 1956 3086 vicecomiti
1981 3033 2263 3088 Lincolnie
2290 3037 2431 3089 salu-

426 3128 558 3176 tem.
634 3121 777 3175 Quia
802 3116 1027 3172 dilectus
1053 3119 1210 3171 nobis
1236 3119 1293 3170 in
1322 3119 1539 3171 Christo
1566 3119 1731 3171 abbas
1771 3119 1837 3171 de
1865 3120 2046 3188 Burgo
2088 3122 2258 3172 sancti
2287 3123 2430 3174 Petri

425 3207 553 3260 fecit
593 3206 758 3258 finem
795 3204 1080 3256 nobiscum
1112 3222 1211 3273 pro
1239 3204 1461 3255 servicio
1489 3222 1587 3256 suo
1627 3204 1693 3255 de
1719 3204 1956 3256 exercitu
1993 3212 2179 3257 nostro
2211 3205 2429 3272 Wauie‚

427 3311 570 3345 anno
609 3290 758 3360 regni
799 3289 973 3342 nostri
998 3291 1084 3352 X⁰3
1127 3288 1229 3340 tibi
1272 3287 1598 3358 precipimus
1625 3289 1771 3358 quod
1812 3289 1985 3341 eidem
2011 3290 2192 3342 abbati
2231 3291 2427 3344 habere

426 3377 589 3428 facias
630 3366 930 3443 scutagium
974 3388 1133 3424 suum
1177 3372 1244 3424 de
1282 3373 1457 3424 feodis
1500 3372 1730 3423 militum
1770 3391 1872 3442 que
1899 3373 1964 3425 de
1992 3392 2055 3426 eo
2081 3381 2334 3427 tenentur
2370 3376 2426 3427 in

427 3460 623 3513 balliva
647 3467 758 3522 tua,
796 3457 1048 3512 videlicet
1074 3458 1146 3510 xl.
1174 3457 1375 3510 solidos
1411 3457 1478 3509 de
1509 3464 1662 3510 scuto
1687 3475 1786 3526 pro
1813 3459 2051 3511 exercitu
2088 3467 2274 3512 nostro
2304 3478 2426 3529 pre·
2478 3493 2519 3501 »Χ
